3998 4950
1681 285 1753 384 15Ι

250 465 417 553 repetisset
433 463 474 546 ¹),
504 482 568 532 non
597 463 738 534 dubitavi
766 435 836 534 meo
863 462 1014 552 opusculo
1042 460 1205 529 adbibere.
1259 461 1317 530 llle
1340 464 1481 552 quidem,
1510 476 1542 534 ut
1563 468 1721 556 positurus
1821 463 1827 470 ’
1924 455 1926 462 ’

248 567 392 654 regulam
416 578 488 634 ante
513 569 730 655 exceptiones,
757 576 822 634 tres
847 577 965 634 tantum
991 567 1263 651 frequentissimos
1287 567 1417 635 ordines
1438 571 1558 656 posuit:
1584 581 1720 638 attamen
1825 583 1830 592 ’

250 673 387 758 quinque
410 669 449 734 ad
472 689 621 754 graecum
643 689 836 747 sermonem,
860 667 901 734 ad
920 665 1072 752 Aeschyli
1093 666 1222 752 glossas
1241 680 1374 755 quatuor
1394 674 1551 758 pertinent
1570 671 1610 739 de
1631 675 1719 741 ordi·

249 773 342 839 nibus
366 775 419 859 qui
440 771 482 839 ab
506 771 593 838 Indis
616 774 663 839 sic
686 771 934 858 distinguuntur:
1341 771 1345 778 '

347 907 377 973 1.
410 903 662 992 Gopulativa
694 903 909 993 appellantur,
949 921 1051 991 quae
1089 921 1137 967 ex
1169 903 1413 970 notionibus
1448 905 1717 974 coordinatis

248 1018 443 1074 constant
466 1006 591 1095 (quibus
613 1006 720 1074 verbis
744 1018 816 1075 utor
836 1004 1117 1098 postLobecluium
1139 1003 1240 1091 paral.
1263 1025 1293 1091 p.
1308 1006 1398 1083 ³67.)
1423 1006 1483 1073 hoc
1503 1018 1558 1087 est,
1581 1029 1619 1074 ex
1637 1008 1717 1077 duo-

246 1109 306 1176 bus
334 1109 537 1178 substantivis
567 1108 619 1176 vel
652 1109 820 1180 adiectivis
852 1121 940 1179 recto
964 1107 1192 1193 occupastis,
1220 1115 1265 1184 et,
1297 1109 1324 1174 si
1353 1105 1479 1184 solvas,
1503 1110 1660 1196 particula
1688 1123 1717 1180 et

248 1211 489 1296 coniungendis.
541 1213 572 1278 2.
604 1210 852 1282 Possessiva
884 1222 956 1280 sunt
982 1210 1144 1280 adiectiva
1168 1227 1298 1292 quorum
1327 1208 1527 1296 praecedens
1550 1211 1719 1278 membrum

248 1323 296 1379 est
318 1312 546 1382 substantivum
577 1321 630 1381 aut
653 1315 845 1384 adiectivum
867 1325 921 1383 aut
949 1308 1113 1380 numerale
1136 1319 1191 1379 aut
1214 1311 1386 1396 particula,
1416 1312 1613 1399 subsequens
1636 1333 1718 1380 sem·

247 1435 306 1502 per
330 1425 378 1482 est
396 1417 641 1494 substantivum,
670 1427 700 1484 et
722 1437 804 1505 quae
826 1416 1029 1484 substantivis
1054 1411 1169 1500 quibus
1193 1423 1393 1499 apponuntur
1415 1417 1649 1501 possessionem
1673 1420 1719 1484 rei

248 1517 445 1602 significatae
474 1517 670 1586 adscribunt.
718 1522 749 1584 3.
780 1518 1109 1588 Determiuativa
1135 1525 1206 1583 sunt
1237 1535 1366 1602 quorum
1392 1515 1593 1602 =subsequens
1624 1539 1719 1586 mem-

246 1617 335 1686 brum
360 1621 585 1692 substantivum
614 1632 668 1688 aut
696 1619 885 1689 adiectivum
906 1619 1044 1688 membro
1072 1616 1283 1706 praecedente
1307 1617 1451 1686 delinitur
1473 1628 1504 1684 et
1525 1619 1717 1688 determina·

246 1732 314 1800 tur,
344 1732 375 1789 ut
403 1724 505 1794 dicam
529 1722 685 1810 quomodo
707 1743 850 1810 possum,
880 1722 1075 1810 qualitative.
1124 1720 1210 1805 Ergo
1235 1721 1403 1788 membrum
1426 1719 1637 1788 determinans
1660 1722 1719 1789 ad.

247 1825 393 1892 iectivum
423 1825 649 1894 adverbialiter
675 1829 809 1913 positum
839 1830 899 1896 erit
930 1835 984 1894 aut
1004 1822 1189 1892 adverbium
1217 1834 1271 1891 ant
1293 1825 1500 1910 praepositio.
1542 1823 1717 1892 Rarissime

247 1924 410 1995 adiectiva
430 1933 518 1997 notio
539 1937 691 1998 servatur.
733 1930 765 2000 4.
792 1929 1011 1998 Obiectiva
1030 1926 1099 1995 sive
1122 1927 1351 2012 composita
1374 1924 1673 2012 dependentiee
1690 1925 1716 2005 ²)

247 2038 319 2094 sunt
339 2041 481 2114 ‘quorum
515 2032 645 2098 alterum
675 2033 846 2102 membrum
877 2053 955 2102 casu
988 2030 1117 2114 obliquo
1147 2026 1267 2114 pendet
1298 2047 1338 2094 ex
1369 2026 1481 2096 altaro.
1515 2027 1752 2098 membrum,

249 2149 434 2216 suspensum
470 2131 696 2200 substantivum
737 2144 785 2200 est
822 2145 876 2201 aut
912 2135 1099 2200 adiectivum
1132 2130 1325 2196 substantive
1357 2134 1508 2217 positum,
1548 2129 1717 2197 membrum

247 2250 364 2316 regens
395 2232 621 2301 substantivum
651 2242 705 2301 aut
730 2233 920 2302 adiectivum
952 2243 1006 2300 ant
1035 2233 1129 2317 stirps
1149 2229 1239 2297 verbi
1271 2238 1317 2296 est
1343 2232 1375 2295 in
1400 2230 1587 2296 adiectivum
1612 2243 1715 2300 trans-

247 2334 391 2420 figurata.
435 2336 465 2402 5.
499 2336 739 2404 collectiva
768 2336 984 2425 appellantur,
1017 2353 1099 2420 quae
1130 2331 1165 2398 vd
1192 2326 1271 2398 εἶναι
1298 2330 1475 2398 indicantia
1503 2353 1542 2398 ex
1564 2333 1717 2403 numerali

247 2447 279 2504 et
304 2435 500 2507 substantivo
532 2447 692 2514 coustant,
722 2438 818 2506 veluti
847 2443 1065 2526 quadrivium,
1096 2438 1267 2508 decemvir,
1285 2432 1501 2520 ‚nsvednotem
1529 2441 1717 2522 τέθριππον.
1767 2483 1770 2494 ι

245 2539 284 2608 Et
312 2543 438 2607 omnino
467 2559 543 2608 rara
572 2551 644 2608 sunt
676 2549 706 2610 ct
736 2543 769 2610 in
798 2541 958 2628 Aeschylo
987 2538 1087 2608 nulla.
1136 2537 1167 2606 6.
1199 2533 1346 2604 ludorum
1382 2537 1589 2608 adverbia
1622 2541 1716 2609 nobis

249 2641 430 2712 omittenda.

347 2759 537 2846 Priusquam
569 2767 673 2826 autem
700 2777 823 2846 genera
851 2777 1023 2835 recenseo,
1040 2754 1166 2843 'quibus
1188 2756 1363 2843 Aeschylus
1393 2777 1468 2826 usas
1498 2756 1606 2835 tuerit,
1641 2757 1716 2826 bre·

247 2863 327 2934 viter
357 2859 459 2930 dicam
489 2860 602 2946 quibus
632 2859 833 2930 abstinuerit.
883 2861 1040 2946 Pleraque
1070 2861 1240 2946 composita
1266 2858 1351 2928 binis
1378 2859 1526 2928 membris
1555 2871 1716 2941 constant;

246 2963 447 3032 inveniuntur
468 2972 572 3030 temen
600 2965 693 3032 ctiam
716 2966 861 3032 notiones
884 2974 997 3030 ternae
1021 2960 1073 3029 vel
1095 2960 1204 3049 plures
1224 2952 1387 3032 interdum
1405 2963 1625 3040 consociatae,
1656 2982 1713 3030 ne-

247 3087 309 3154 que
335 3066 435 3134 solum
461 3065 545 3154 apud
575 3070 730 3146 comicos,
761 3064 848 3134 velut
875 3065 1111 3152 Aristophanea
1138 3065 1194 3132 illa
1223 3075 1363 3134 monstra
1391 3066 1487 3132 animi
1517 3085 1616 3132 causa
1638 3085 1713 3153 pro·

247 3187 339 3248 cusa,
369 3167 426 3234 sed
455 3171 549 3237 ctiam
578 3169 661 3256 apud
691 3181 838 3239 auctores
867 3170 1028 3255 sequioris
1048 3170 1176 3243 acetis,
1206 3167 1305 3236 veluti
1326 3171 1359 3236 in
1383 3164 1517 3254 Polybio
1544 3179 1576 3234 et
1595 3168 1713 3252 Antbo·

244 3269 345 3356 logia.
399 3270 576 3356 Aeschylus
604 3291 682 3342 vero
711 3273 791 3343 baec
819 3291 949 3358 prorsus
981 3272 1069 3338 intra
1100 3270 1282 3340 cothurnum
1314 3273 1450 3346 censuitv
1490 3291 1563 3340 nam
1591 3273 1715 3338 unicum

245 3377 602 3454 πεδιοπλόκτυπος
625 3372 688 3458 βοά
711 3371 777 3461 Spt.
792 3375 836 3442 83
852 3393 879 3440 c.
906 3374 980 3454 (hoc
999 3384 1084 3440 assat
1102 3373 1306 3452 πεδιοκτύπος
1326 3382 1378 3442 καὶ
1399 3372 1607 3454 ὅπλόκτυπος)
1627 3373 1713 3444 falsa
1829 3461 1833 3470 Ι

183 3493 189 3505 ’
245 3475 384 3544 lectione
408 3474 576 3544 nitebatur.
620 3475 719 3544 Aliud
744 3497 843 3563 genus
867 3487 914 3544 est
940 3477 1081 3546 binorum
1104 3475 1328 3558 membrorum,
1355 3497 1486 3565 quorum
1507 3477 1559 3542 vel
1581 3478 1714 3544 alterum

246 3578 297 3646 vel
319 3589 483 3663 utrumque
513 3581 713 3666 compositum
742 3592 797 3648 est
848 3579 915 3646 Sed
936 3579 997 3646 hoc
1021 3597 1146 3666 quoquc
1171 3601 1291 3666 genere
1314 3589 1408 3669 poeta
1431 3590 1493 3648 tarn
1515 3599 1613 3667 parce
1636 3590 1714 3647 tam-

248 3697 309 3765 que
341 3693 431 3748 caute
460 3701 536 3748 usus
564 3692 626 3759 est,
658 3691 690 3748 ut
719 3686 893 3771 composita
922 3703 959 3749 en
989 3681 1112 3749 duobus
1141 3681 1388 3751 declinabilibus
1418 3703 1481 3748 non
1510 3685 1620 3748 iterum
1644 3701 1712 3748 cum

255 3871 612 3887 Μ

298 3988 328 4056 t)
348 3987 493 4042 Antaeum
512 3985 733 4043 Dnentzerus
753 3990 787 4044 tir
807 4004 871 4046 osus
891 3993 933 4046 eat
952 3990 981 4044 iu
1000 3967 1072 4044 libro
1099 3988 1168 4054 „die
1189 3987 1279 4046 Lebre
1296 4003 1349 4043 vou
1368 3988 1416 4044 der
1434 3985 1610 4042 lateiniscben
1622 3985 1713 4044 llort·

262 4126 265 4140 ,
350 4072 465 4144 bildung
483 4070 536 4126 und
557 4071 777 4140 Compositlon.“

294 4171 325 4240 2)
347 4169 393 4226 llis
411 4155 640 4244 appellationibus
662 4176 723 4226 utor
743 4173 900 4230 auctoribus
918 4169 950 4230 G.
971 4169 1065 4227 Curtio
1088 4177 1114 4226 et
1133 4169 1250 4242 Boppto.
1285 4171 1411 4228 Praestat
1432 4177 1519 4224 antem
1542 4169 1636 4228 Curtii.
1710 4205 1715 4212 -
