3998 4950
332 357 376 424 34

432 525 601 612 Adiectiva
625 541 716 606 huius
740 538 862 606 ordinis
885 537 1079 627 possessivis
1103 542 1333 627 cognatissima
1356 550 1443 618 sunt,
1468 542 1530 606 nisi
1555 537 1639 626 quod
1664 537 1699 606 υὸ
1718 535 1797 607 εἶναι

333 646 484 714 indicant.
528 643 698 711 Secundae
726 641 948 707 declinationis
977 651 1049 707 sunt
1078 644 1425 728 *γυναικομίμοις
1452 642 1662 726 ὑπτιάσμασιν
1691 655 1797 726 χεροῖν

333 748 385 815 Pr.
408 749 495 813 1007
516 747 612 834 Soph.
636 747 674 812 ir.
694 743 760 811 464
781 745 854 810 Eur.
878 742 997 810 Bacch.
1019 746 1100 825 080,
1130 748 1357 812 sublationibns
1376 766 1530 812 mennam
1554 747 1697 810 mutieres
1725 749 1796 810 inti-

232 873 253 940 .'
335 853 492 924 tantibns,
512 848 832 935 posnaniensem
851 845 987 932 πόλεμος
1009 849 1071 936 Ag.
1084 850 1151 914 212
1165 867 1192 914 0.
1216 851 1327 914 bellurn
1348 851 1487 914 molieris
1513 867 1613 913 ennsa
1636 850 1797 921 ulciscens,

331 950 599 1026 τεκνόποινος
628 955 715 1035 μῆνις
746 952 808 1035 Ag.
833 948 896 1015 143
921 970 948 1017 0.
978 954 1032 1017 t'ra
1057 954 1141 1035 filiae
1169 954 1288 1026 ultrix,
1324 949 1619 1036 λεοντοχόρταν
1649 949 1799 1032 deripiebar

333 1054 373 1119 ir.
395 1051 462 1118 344
489 1071 587 1135 capre
614 1039 700 1135 qnae·
722 1056 821 1118 oietes
852 1055 949 1118 leonis
979 1065 1044 1127 est,
1076 1051 1160 1140 quod
1193 1052 1382 1119 vocabulum
1410 1052 1451 1118 ob
1481 1053 1608 1138 generis
1634 1052 1798 1117 motionem

334 1152 547 1238 adnotandum
569 1165 624 1221 est.
669 1154 716 1220 lix
736 1156 831 1219 tertia
854 1152 1068 1222 declinatione
1098 1153 1411 1242 υροβουλόπανς
1432 1153 1537 1222 πειθώ
1560 1154 1623 1237 Ag.
1642 1155 1707 1217 370
1731 1155 1797 1237 plia

334 1257 565 1322 deliberationis
583 1257 622 1336 ¹),
653 1255 965 1342 ἄουρογνίυονες
987 1263 1125 1344 κορυφαί
1151 1255 1202 1324 Pr.
1223 1257 1289 1321 722
1314 1262 1480 1324 eaenrnt'no
1510 1258 1662 1322 sideribus
1681 1259 1796 1331 oieina,

333 1357 625 1445 δενδροπήμων
651 1357 755 1444 βλαβοὶ
782 1357 953 1426 11000025
976 1379 1003 1425 e.
1035 1363 1187 1427 damnem
1216 1365 1368 1444 pernicies
1400 1363 1570 1434 arborem,
1598 1360 1631 1426 οἱ
1654 1362 1798 1442 Χάλυβες

333 1464 671 1545 σιδηροτέκτονες
693 1459 744 1527 Pr.
767 1459 833 1526 714
856 1464 943 1546 [obri
964 1464 1060 1545 ferri,
1081 1453 1274 1549 γραμμάτων
1296 1488 1329 1529 το
1348 1465 1531 1546 συνθέσεις,
1552 1460 1673 1545 μνήμην
1695 1459 1795 1527 drudr-

333 1587 413 1642 νων,
441 1561 718 1646 μουσομήτορ’
746 1562 877 1651 ἐργάνην
909 1563 958 1631 Pr.
980 1562 1046 1627 462
1073 1566 1231 1646 somniant
1256 1575 1423 1630 moserano
1447 1574 1596 1641 matrem,
1626 1570 1796 1646 σιδηρο-

332 1661 470 1749 μῆυορ
497 1657 551 1728 οἷον
581 1661 633 1728 Pr.
654 1662 720 1730 304
752 1677 839 1731 terro
860 1669 941 1750 ferri
957 1675 1075 1739 mater,
1106 1672 1362 1750 μινυυοίμγν
1391 1664 1470 1752 α’νῆρ
1497 1663 1673 1732 11001898
1703 1670 1794 1731 bento

330 1767 519 1848 plantarent
538 1767 638 1831 culter
665 1768 717 1849 (de
742 1769 945 1834 commissura
966 1789 995 1834 v.
1018 1765 1149 1834 Lohcck
1169 1788 1235 1856 per.
1257 1768 1298 1834 ad
1318 1767 1389 1836 Phr.
1413 1787 1440 1834 e.
1460 1767 1490 1835 4.
1514 1769 1541 1853 §.
1564 1765 1619 1848 5.).

440 1885 475 1966 2)
506 1882 722 1952 Membrnm
751 1907 899 1973 regens
931 1896 990 1954 est
1021 1885 1284 1971 adjectivum:
1323 1887 1626 1954 substantivum
1652 1885 1792 1952 dativo
1825 1925 1826 1932 ν

337 1983 623 2070 suspenditur:
647 1992 899 2074 δορίμαργος
922 1986 981 2052 e'e'ea
1004 1985 1071 2073 Spt.
1090 1988 1155 2052 688
1177 2008 1203 2053 0.
1229 1992 1313 2054 bettts
1334 1992 1526 2074 furibunda,
1551 1995 1797 2073 νυκτίσεμνα

337 2090 448 2153 δεῖπνον
471 2084 558 2152 Eum.
583 2089 646 2152 lll
669 2093 778 2174 epulae
802 2102 956 2174 aapnstae
979 2099 1164 2155 noeturnae.

436 2186 577 2254 Tertiam
608 2187 852 2257 declinationem
882 2195 1020 2277 migrant
1051 2189 1408 2276 μετωποσώφρονο
1439 2219 1463 2256 υ
1486 2189 1597 2259 deone
1634 2189 1708 2278 Sep.
1733 2189 1797 2256 184

336 2295 402 2368 (ex.
426 2309 483 2356 em.
504 2289 655 2374 Porsoni)
686 2313 748 2360 ora
782 2298 899 2377 frontis
937 2297 1046 2361 babitn
1072 2299 1231 2378 sapienter
1261 2295 1437 2378 tranquillo
1465 2217 1567 2375 dlibet
1594 2295 1675 2360 enim
1704 2295 1797 2359 imam

235 2474 237 2482 y
334 2389 575 2474 significationis
603 2391 778 2470 ubertatem
805 2396 1042 2481 interpretando
1067 2403 1243 2480 retegere),
1271 2405 1300 2460 ct
1321 2392 1581 2488 πτερυγοκής
1610 2399 1720 2474 οἰωνός
1747 2395 1796 2461 Ρν.

335 2490 400 2556 288
423 2511 449 2556 ο.
476 2494 553 2556 ceter
573 2495 641 2559 etis.

437 2611 472 2690 3)
504 2608 718 2678 Membrum
746 2632 896 2697 regens
927 2633 948 2679 a
977 2613 1103 2682 verbo
1135 2613 1388 2680 deflectitur.
1432 2611 1504 2692 Qua
1532 2614 1573 2681 de
1596 2613 1694 2681 classi
1715 2612 1797 2679 hacc

336 2707 411 2776 mihi
440 2711 684 2798 praemittenda:
710 2715 738 2779 si
768 2716 937 2781 membrum
962 2715 1093 2783 verbale
1121 2718 1225 2783 active
1250 2717 1391 2803 ponitur,
1421 2725 1521 2802 potest
1544 2727 1575 2784 et
1595 2717 1796 2785 accusativus

397 2966 427 3036 1)
445 2965 502 3022 lloc
521 2967 680 3022 vocabulum
699 2967 751 3020 nist
768 2968 883 3037 integris
903 2967 1026 3024 versibus
1047 2967 1191 3036 adscriptis
1209 2983 1263 3022 noa
1281 2969 1398 3039 intelllgi
1418 2972 1523 3038 potest:
1565 2955 1568 2966 “

853 3047 950 3120 βιᾶται
969 3050 995 3106 d'
1014 3049 1033 3106 οἱ
1049 3050 1168 3106 τάλαινα
1184 3051 1278 3106 πειθώ

847 3135 1052 3210 προβονλόπαντ
1069 3133 1184 3205 ἄφερτον
1200 3131 1275 3194 ὅταν.

442 3215 563 3287 Longum
584 3224 626 3274 est
649 3233 792 3288 perversas
815 3219 892 3275 huius
916 3224 970 3276 loci
995 3223 1233 3290 interpretationes
1255 3234 1405 3275 recensere.
1441 3218 1471 3273 ln
1491 3217 1600 3272 scholiis
1618 3211 1709 3268 asibel
1728 3210 1793 3268 ὅταν

441 3303 628 3372 coniungitur,
647 3304 815 3360 Blomtieldus
834 3309 914 3360 vertit
925 3310 1037 3362 suadela
1055 3322 1122 3376 oeae
1139 3305 1230 3357 liberis
1246 3306 1360 3372 pessime
1376 3307 1499 3358 eortsotit.
1532 3302 1585 3358 Sed
1599 3316 1631 3356 ae
1650 3297 1793 3353 Hormaoni

440 3387 546 3459 quidem
564 3389 698 3440 sententia
717 3387 783 3442 terri
801 3395 904 3458 potest,
933 3395 979 3461 qui
997 3390 1129 3446 vocabulo
1152 3386 1358 3456 προβουλόυιονν
1384 3391 1537 3459 copulative
1560 3386 1697 3441 intellecto
1715 3385 1796 3438 uertit

440 3473 541 3534 wado,
561 3472 711 3524 censeltriee
726 3474 785 3537 fitia
802 3464 933 3540 τῇνννοτο
951 3479 1051 3543 cnlpae.
1087 3472 1155 3527 llam
1172 3471 1224 3526 duo
1248 3473 1417 3528 substantiva
1440 3476 1480 3527 ita
1497 3473 1620 3544 copulari
1637 3476 1667 3524 ut
1683 3470 1795 3522 alterum

444 3554 570 3610 adiectivi
585 3558 644 3610 vioe
665 3555 809 3626 iungatur,
833 3561 959 3629 exemplis
977 3565 1050 3614 certe
1068 3558 1247 3612 demonstrari
1268 3560 1368 3630 nequit.
1397 3561 1520 3612 Attamen
1540 3570 1634 3610 seusus
1654 3569 1707 3608 nen
1726 3550 1794 3606 adeo

441 3639 595 3698 reconditus
612 3646 662 3696 est.
699 3641 783 3703 Quum
807 3643 840 3699 de
860 3647 999 3699 nimiarum
1025 3643 1177 3697 divitiarum
1204 3643 1331 3712 periculis
1353 3647 1435 3710 potita
1460 3641 1564 3695 locutus
1584 3643 1620 3694 sit
1643 3639 1729 3710 deque
1752 3654 1794 3704 eo,

442 3725 489 3794 qui
505 3727 587 3780 animi
605 3741 687 3781 causa
703 3726 794 3782 divina
811 3726 979 3799 humanaque
995 3730 1056 3780 iura
1071 3728 1266 3796 permisceant,
1285 3723 1453 3795 eopit[eem],
1475 3727 1570 3795 inquit,
1587 3729 1696 3794 nonesto
1711 3726 1797 3777 modo

438 3807 572 3878 (libidinis
588 3812 705 3880 seilicet)
720 3814 899 3868 betolerabr'lis
914 3813 974 3877 atto
989 3810 1188 3866 deliberationis
1204 3812 1387 3877 perniciosae,
1409 3806 1515 3866 asibel.
1530 3810 1596 3866 ποιῒτ
1613 3811 1661 3878 τῆν
1678 3814 1796 3877 προβου-

439 3892 500 3963 tae.
513 3893 561 3962 νῆτ
577 3891 655 3962 eicos:
674 3894 699 3950 lt.
710 3913 741 3963 ο,
760 3901 784 3952 si
802 3900 862 3969 quis
880 3895 992 3955 libidino'
1010 3899 1127 3970 agitatus
1142 3893 1294 3950 deliberare
1312 3894 1394 3948 semel
1406 3895 1535 3963 eoeperit,
1554 3897 1691 3964 perpetret
1708 3889 1796 3945 scelus

438 3994 488 4034 uec
504 3992 556 4044 ne,
580 3983 755 4059 conamen,
780 3997 839 4036 eum
858 3981 1012 4036 alibidinis
1037 3982 1123 4036 suade
1140 3983 1237 4034 vietum
1258 3978 1310 4041 iri,
1335 3981 1362 4031 et
1380 3977 1482 4032 nullum
1507 3977 1651 4034 remedium
1674 3974 1795 4030 librdmrs

438 4079 493 4118 non
513 4077 609 4118 vanum
635 4063 695 4119 iore
712 4094 746 4106 —
764 4063 829 4123 iser
845 4063 874 4120 di
892 4065 952 4120 asir
974 4065 1018 4134 (ut
1035 4067 1154 4124 correxit
1170 4061 1362 4132 blusgrasins)
1385 4061 1517 4133 μέτριον.
1551 4062 1582 4116 10
1604 4074 1657 4129 quo
1682 4061 1706 4113 si
1731 4058 1796 4132 qnid

440 4153 481 4202 est
496 4149 647 4214 ,audaciam
671 4149 742 4219 quod
761 4155 896 4220 appositio
916 4147 984 4208 ἄταν
1005 4152 1150 4222 apponitur
1172 4149 1294 4219 genitivo
1315 4149 1361 4219 qui
1384 4149 1451 4205 latet
1478 4151 1505 4203 in
1531 4145 1698 4214 composito,
1724 4148 1795 4199 certe

439 4246 526 4302 neque
545 4235 643 4290 nimiae
664 4239 705 4290 est
721 4249 809 4305 neque
826 4235 972 4292 inanditae.
