3998 4950
1660 343 1705 408 55

244 527 322 594 Gbo.
341 525 407 592 828
429 529 536 609 prucis
566 533 672 589 terror
695 531 877 588 mentetua
911 524 1013 604 (δεῖμα
1038 523 1181 603 ἐπαχθὲς
1200 527 1415 606 φονοσταγές).
1435 559 1479 574 -
1521 525 1579 594 llis
1602 532 1709 614 proxi.

240 637 322 695 mum
351 645 452 712 genus
485 636 550 708 est,
587 627 620 691 in
646 641 709 711 quo
737 618 865 688 ordines
897 623 1050 689 orationis
1080 621 1203 710 quidem
1233 643 1297 689 non
1325 627 1534 706 invertuntur,
1573 626 1708 696 adiecti-

240 749 311 798 vnm
332 747 410 798 veru
434 731 508 796 item
531 726 706 803 divellitur,
735 736 768 791 ut
790 723 920 790 alterum
948 724 1118 791 membrum
1142 725 1314 792 attributivi
1343 725 1474 793 alterum
1497 748 1594 796 casus
1625 729 1707 797 obli-

240 833 292 919 qul
314 830 385 900 vice
407 830 563 913 fungum
591 827 647 912 (cl.
671 825 797 894 Edenda
819 824 840 891 l.
864 831 923 903 c.):
952 825 1089 910 ὀξύχειρι
1111 823 1171 894 ede
1194 828 1301 913 erduup
1325 828 1401 895 Cho.
1423 832 1467 894 23
1488 851 1516 897 c.
1546 835 1566 898 i.
1588 853 1615 898 u.
1642 859 1707 917 χει·

239 931 294 1017 ρός
326 931 396 1010 6ξοῖ
419 928 540 1018 arduos,
571 933 646 996 item
674 927 931 1017 πικρογλώσσους
954 924 1034 1012 ἄράς
1064 926 1130 1016 Spt.
1153 929 1219 995 768
1241 949 1268 995 e.
1318 928 1385 995 Sed
1412 930 1493 998 llaec
1513 953 1595 1019 qnae
1616 933 1707 1024 adie-

242 1037 324 1102 ctivo
347 1044 379 1102 et
402 1031 600 1100 substantivo
623 1042 768 1100 constant
788 1029 901 1098 facilia
922 1030 966 1098 ad
984 1030 1186 1098 solvendum:
1209 1029 1268 1097 illa
1290 1033 1502 1109 intricatione,
1526 1037 1555 1101 si
1577 1057 1614 1102 ex
1634 1034 1711 1102 aliis

239 1139 393 1205 orationis
417 1133 574 1222 partibus,
597 1133 711 1222 quibus
732 1136 938 1222 compositum
959 1143 1095 1210 constat,
1118 1144 1149 1199 et
1169 1133 1381 1202 attributivum
1397 1144 1429 1198 et
1445 1152 1542 1206 casus
1558 1135 1706 1224 obliquus

239 1239 333 1326 quasi
358 1235 518 1304 elicienda
541 1245 629 1304 sunl:
659 1233 804 1324 σπορνᾶς
828 1236 974 1322 παρήξεις
995 1239 1048 1300 aul
1064 1233 1299 1320 κακοστρώτους
1327 1235 1389 1321 Ag.
1411 1233 1476 1301 5³4
1503 1239 1526 1304 i.
1546 1258 1574 1304 e.
1603 1238 1706 1321 nepp-

240 1343 302 1417 ξεις
321 1336 417 1414 troade
439 1350 508 1415 τοῖς
527 1337 708 1423 στρώμασι,
737 1339 976 1423 οἱμοτοσριιγῆς
997 1342 1131 1413 πέλανος
1152 1337 1186 1402 Ρ.
1207 1339 1272 1403 818
1293 1340 1315 1403 i.
1337 1359 1364 1406 e.
1390 1367 1424 1405 ιτ.
1447 1335 1617 1422 αἱματηρὸς
1637 1345 1707 1416 uite

238 1453 386 1526 σφαγαῖς.
415 1475 456 1488 -
500 1437 662 1508 Adiaceut
689 1461 729 1509 en
750 1440 894 1529 exempla
917 1458 1047 1527 quorum
1079 1441 1282 1526 compositum
1304 1459 1368 1506 non
1391 1438 1604 1506 divellendum
1634 1444 1704 1527 qni-

240 1541 311 1610 dern
333 1550 380 1618 ‚est
402 1541 460 1607 sed
482 1551 587 1610 minen
607 1544 713 1611 auimo
742 1541 974 1630 quodammodo
999 1541 1252 1619 ‘distrahendum
1281 1544 1357 1629 quia
1379 1564 1417 1609 ex
1443 1543 1544 1610 altero
1567 1543 1705 1609 membro

239 1662 334 1710 casus
355 1639 542 1714 substantivi
565 1647 738 1729 (genitivus
759 1643 956 1731 plerumque)
982 1644 1117 1730 pendet:
1147 1643 1335 1732 bonodium
1365 1643 1557 1730 ὑφασμάτων
1585 1651 1706 1722 λακίδες

240 1743 318 1814 Cho.
339 1745 384 1812 27
406 1763 434 1812 0.
459 1745 481 1812 l.
504 1765 532 1814 e.
558 1751 757 1831 φθείρουσαι
782 1743 819 1812 sd
846 1754 872 1812 t
896 1749 957 1811 asir
988 1745 1056 1830 dp„
1084 1747 1289 1831 ἐρειψίτοιχοι
1316 1748 1468 1830 δωμάτιον
1489 1745 1555 1833 Spu
1580 1748 1645 1813 859
1664 1767 1705 1823 c,

238 1847 298 1927 dovr]
316 1843 473 1932 ἀρχηγενῆ
491 1846 676 1932 κλασμάτων
695 1849 754 1932 Ag.
776 1846 870 1914 1597.
915 1845 1048 1913 Dallvus
1068 1845 1183 1933 pendet
1205 1849 1240 1912 in
1259 1857 1467 1934 σνγχοίρονσι
1486 1847 1706 1936 ὅμοιοσρρπεῖς

239 1949 304 2016 758
327 1967 397 2026 arn,
422 1948 464 2016 ul.
487 1949 724 2036 apollonidemc
747 1970 778 2036 p.
801 1947 856 2014 al.
883 1985 926 1998 -
970 1946 1128 2035 Sequatur
1149 1951 1233 2014 undo
1257 1949 1336 2016 illud
1358 1972 1460 2038 genus
1484 1953 1566 2037 quod
1590 1972 1610 2018 a
1636 1952 1704 2039 ple-

240 2056 349 2138 risque
377 2050 477 2118 solnrn
499 2050 570 2118 lere
595 2052 691 2120 suitur
713 2049 771 2118 snb
802 2046 1048 2136 hypallagen
1079 2049 1306 2138 appellatione:
1341 2054 1375 2120 id
1396 2056 1553 2132 nimirum,
1588 2057 1620 2119 in
1643 2075 1704 2140 qno

242 2153 430 2224 adiectivum
457 2151 500 2222 ad
527 2150 755 2221 substantivum
782 2170 900 2235 regens
923 2154 1140 2240 potiusquam
1165 2153 1206 2219 ad
1230 2174 1415 2241 suspensum
1438 2153 1703 2222 accommodatum

20 2263 24 2276 ‘
117 2267 123 2282 ·
240 2255 319 2326 Nam
335 2254 529 2344 hypallagen
544 2273 583 2320 ev
605 2253 667 2321 boc
687 2253 781 2342 plura
800 2255 835 2322 in
859 2273 951 2322 nuum
970 2257 1180 2323 consociandi
1204 2253 1308 2322 studio
1331 2269 1432 2324 ortam
1455 2277 1544 2336 esse,
1569 2255 1711 2338 demon-p

240 2370 340 2428 strant
369 2357 511 2446 exempla
538 2356 768 2444 simplicissime
797 2352 872 2432 ille,
901 2375 1032 2444 quornm
1060 2361 1292 2426 substantivum
1317 2379 1429 2444 repens
1459 2380 1529 2426 cum
1549 2377 1701 2444 suspense

239 2468 334 2530 nnius
356 2465 404 2528 rei
424 2465 588 2528 notionem
611 2461 774 2544 designet,
797 2466 830 2524 nt
849 2454 1055 2524 Horatianum
1084 2479 1235 2537 „eaerum
1260 2471 1354 2548 caput
1376 2460 1510 2540 iontis‚“
1537 2462 1589 2530 vel
1610 2462 1703 2528 Enri-

238 2565 335 2652 pldea
356 2566 475 2644 μέλοιτο
493 2558 628 2640 ussindo
647 2564 792 2638 πέπλων,
811 2563 923 2639 γηγενῆ
939 2556 1043 2640 μάχην
1064 2559 1158 2645 δορός
1179 2559 1524 2640 (‚.Klelderscltmuck,
1547 2554 1713 2651 Speertsss

239 2663 405 2753 kumpl“)‚
432 2660 485 2730 vel
506 2658 689 2744 Aeschylon
717 2657 893 2741 πολύβοτος
915 2654 992 2725 nida
1012 2665 1134 2743 βροτῶν
1157 2659 1223 2747 Spt.
1245 2660 1311 2726 755
1332 2681 1359 2728 ο.
1391 2661 1703 2746 (Meuscbenleben)‚

239 2767 356 2852 δεκάτῳ
383 2768 493 2848 φέγγει
513 2761 609 2838 ntem
639 2761 703 2848 Ag.
724 2761 791 2828 512
817 2759 1054 2844 (Jabreslicbttz
1090 2763 1338 2850 inexspectatior
1364 2760 1500 2840 locutio,
1537 2764 1589 2834 uhi
1621 2766 1703 2834 haec
1786 2805 1789 2812 ·

240 2868 507 2940 substantivorum
528 2865 709 2932 coniunctio
731 2883 795 2930 non
815 2862 883 2929 leri
903 2873 1019 2950 potest,
1043 2863 1191 2948 περσικὸν
1215 2865 1361 2952 δράμημα
1380 2871 1481 2949 φωτός
1503 2865 1535 2931 Ρ.
1554 2868 1638 2946 248,
1662 2869 1703 2935 ci.

240 2974 302 3058 Ag.
326 2969 387 3038 141
413 2965 500 3036 Eum.
523 2968 606 3034 710:
635 2965 848 3035 audacissima
870 2985 964 3044 veru,
986 2968 1014 3034 sl
1038 2964 1401 3055 substantivumnegens
1420 2989 1463 3036 ne
1484 2989 1542 3058 per
1561 2982 1703 3056 metony-

239 3078 334 3146 miam
364 3068 489 3158 quidem
518 3066 583 3138 ulle
603 3067 696 3136 modo
716 3088 786 3136 cum
807 3067 964 3136 adieetivo
986 3067 1137 3152 coniungi
1160 3078 1281 3156 potest,
1307 3081 1339 3137 ut
1357 3077 1475 3155 βλαχαὶ
1496 3072 1702 3156 αἱματόεσσαι

238 3162 300 3248 τῶν
326 3177 547 3258 tmpmadv‘ue
575 3171 770 3255 ἀρτιτρεφεῖς
797 3169 864 3258 Spt.
887 3171 953 3239 330
976 3188 1020 3247 c,
1048 3170 1214 3255 ποιονόμοι
1240 3172 1331 3240 τόποι
1353 3171 1474 3257 ματρός
1496 3171 1571 3261 Sup.
1595 3172 1639 3240 48
1662 3193 1700 3251 0.,

242 3279 283 3350 cl.
305 3298 334 3348 v.
356 3277 439 3346 ⁵23:
466 3292 538 3340 narn
560 3275 631 3359 quis
653 3273 736 3341 leret
759 3276 831 3338 luca
854 3275 954 3340 babis
979 3277 1164 3340 vescentia?

341 3379 473 3450 Restant
496 3373 577 3442 duae
600 3377 743 3462 species,
769 3374 810 3443 ob
827 3373 1054 3443 abundantiam
1069 3373 1228 3463 quandum
1243 3373 1363 3455 altere,
1387 3375 1489 3442 altere
1504 3375 1545 3442 ob
1560 3373 1702 3443 brevilo-

241 3455 399 3574 quentiard
419 3479 565 3563 insignis.
608 3475 733 3555 illam,
755 3481 782 3544 si
800 3477 987 3546 substantivi
1002 3477 1194 3564 significatio
1210 3480 1244 3545 in
1259 3477 1407 3546 adiectivi
1422 3480 1583 3564 compositi
1602 3478 1703 3546 altero
1827 3521 1831 3530 «

183 3633 187 3644 ·
240 3586 382 3656 membre
402 3587 549 3658 iteratur,
572 3581 656 3648 utin
676 3580 830 3648 vertendo
853 3580 1005 3648 facillime
1026 3578 1183 3648 adiectivo
1202 3580 1336 3668 simplici
1353 3581 1468 3660 utaris3
1490 3579 1704 3664 τιμιόοτομος

239 3688 415 3776 prddoc'l’r.
434 3687 515 3762 957,
543 3681 771 3770 &enodaremus
792 3688 918 3770 γλῶσσα
940 3687 1003 3771 Ag.
1029 3683 1134 3759 1359.
1159 3683 1356 3771 σιδηρόφρων
1377 3671 1482 3766 θυμός
1507 3682 1573 3771 Spt.
1594 3684 1638 3750 53
1661 3682 1702 3746 cl.
1771 3755 1773 3764 Ι

240 3793 292 3860 Pr.
312 3791 379 3858 358
401 3788 436 3854 Ρ.
454 3789 520 3856 915
540 3787 602 3870 ng.
625 3785 685 3860 56.
715 3803 797 3872 quae
826 3786 879 3852 vix
902 3785 1020 3853 distant
1048 3784 1215 3870 τιστμνός,
1239 3785 1366 3870 deusde
1391 3796 1449 3853 etc.
1494 3786 1529 3850 ln
1557 3781 1703 3870 γυναικό-

240 3903 348 3980 βοολοι
367 3890 490 3977 μήτιδες
510 3894 630 3974 φρενῶν
652 3887 728 3954 Clo.
751 3886 816 3952 616
840 3905 865 3953 c.
889 3887 1118 3976 quodammodo
1142 3893 1211 3974 τρῖς
1231 3886 1345 3954 vaurda
1366 3889 1438 3972 ἡμῖν
1456 3883 1540 3956 εἶπεν
1562 3887 1580 3954 ὁ
1603 3883 1703 3970 σορός

239 3995 410 4081 Αἰσχύλος.
459 3989 525 4058 Sed
547 3987 702 4056 interdurn
725 3988 897 4056 cavendum
926 4011 966 4057 ne
986 3991 1114 4059 diversa
1132 4011 1190 4078 pro
1212 3991 1392 4076 synonymis
1414 3991 1603 4064 habeantur,
1634 3986 1700 4075 Spt.

238 4100 304 4166 288
325 4098 387 4182 Ag,
408 4097 490 4162 221:
522 4103 553 4160 et
577 4090 713 4177 deniqne
734 4091 950 4178 pleonasmus,
982 4093 1009 4158 si
1028 4102 1082 4158 ant
1103 4095 1135 4158 in
1160 4091 1319 4160 adiective
1338 4093 1430 4162 aliter
1452 4093 1643 4178 composito,
1672 4101 1703 4156 nt

238 4200 430 4287 δνσριὶὂκιος
450 4194 529 4265 uddd
551 4195 586 4292 1)
603 4194 668 4260 573
684 4213 711 4259 c.
733 4196 823 4272 inest,
848 4205 902 4261 aut
924 4197 956 4260 in
979 4193 1191 4275 substantivo,
1215 4205 1247 4262 ut
1263 4201 1403 4264 ποδωκίο
1423 4197 1537 4261 σκελῶν
1558 4189 1646 4260 Eum.
1661 4195 1704 4259 38
