<?xml version="1.0" encoding="UTF-8"?>
<!DOCTYPE html PUBLIC "-//W3C//DTD XHTML 1.0 Transitional//EN"
    "http://www.w3.org/TR/xhtml1/DTD/xhtml1-transitional.dtd">
<html xmlns="http://www.w3.org/1999/xhtml" xml:lang="en" lang="en">
 <head>
  <title>
</title>
<meta http-equiv="Content-Type" content="text/html;charset=utf-8" />
  <meta name='ocr-system' content='tesseract 3.04.00' />
  <meta name='ocr-capabilities' content='ocr_page ocr_carea ocr_par ocr_line ocrx_word'/>
</head>
<body>
  <div class='ocr_page' id='page_1' title='image "./deaeschylovocab00pdgoog_0009.png"; bbox 0 0 3998 4950; ppageno 0'>
   <div class='ocr_carea' id='block_1_1' title="bbox 307 287 329 350">
    <p class='ocr_par' dir='ltr' id='par_1_1' title="bbox 307 287 329 350">
     <span class='ocr_line' id='line_1_1' title="bbox 307 287 329 350; baseline 0 0"><span class='ocrx_word' id='word_1_1' title='bbox 307 287 329 350; x_wconf 86' lang='lat'><strong>2</strong></span> 
     </span>
    </p>
   </div>
   <div class='ocr_carea' id='block_1_2' title="bbox 310 469 1797 2698">
    <p class='ocr_par' dir='ltr' id='par_1_2' title="bbox 310 469 1776 1170">
     <span class='ocr_line' id='line_1_2' title="bbox 310 469 1774 561; baseline 0.003 -24"><span class='ocrx_word' id='word_1_2' title='bbox 310 472 355 537; x_wconf 89' lang='lat' dir='ltr'>ris</span> <span class='ocrx_word' id='word_1_3' title='bbox 379 469 500 536; x_wconf 88' lang='lat' dir='ltr'>Athidis</span> <span class='ocrx_word' id='word_1_4' title='bbox 523 472 672 540; x_wconf 81' lang='lat' dir='ltr'>incultam</span> <span class='ocrx_word' id='word_1_5' title='bbox 703 473 806 541; x_wconf 86' lang='lat' dir='ltr'>adhuc</span> <span class='ocrx_word' id='word_1_6' title='bbox 835 473 1002 542; x_wconf 76' lang='lat' dir='ltr'>exilitatem</span> <span class='ocrx_word' id='word_1_7' title='bbox 1030 471 1128 558; x_wconf 81' lang='lat' dir='ltr'>(uude</span> <span class='ocrx_word' id='word_1_8' title='bbox 1160 491 1240 561; x_wconf 89' lang='lat' dir='ltr'>quae</span> <span class='ocrx_word' id='word_1_9' title='bbox 1269 472 1418 540; x_wconf 84' lang='lat' dir='ltr'>sumsisse</span> <span class='ocrx_word' id='word_1_10' title='bbox 1448 469 1594 539; x_wconf 88' lang='lat' dir='ltr'>videatur</span> <span class='ocrx_word' id='word_1_11' title='bbox 1616 472 1680 540; x_wconf 86' lang='lat' dir='ltr'>alio</span> <span class='ocrx_word' id='word_1_12' title='bbox 1702 472 1774 542; x_wconf 91' lang='lat' dir='ltr'>loco</span> 
     </span>
     <span class='ocr_line' id='line_1_3' title="bbox 313 571 1774 664; baseline 0.005 -27"><span class='ocrx_word' id='word_1_13' title='bbox 313 573 340 637; x_wconf 91' lang='lat' dir='ltr'>si</span> <span class='ocrx_word' id='word_1_14' title='bbox 372 571 420 638; x_wconf 94' lang='lat' dir='ltr'>dis</span> <span class='ocrx_word' id='word_1_15' title='bbox 448 572 553 660; x_wconf 86' lang='lat' dir='ltr'>placet</span> <span class='ocrx_word' id='word_1_16' title='bbox 585 579 782 662; x_wconf 83' lang='lat' dir='ltr'>expositurus</span> <span class='ocrx_word' id='word_1_17' title='bbox 809 581 908 653; x_wconf 90' lang='lat' dir='ltr'>sum),</span> <span class='ocrx_word' id='word_1_18' title='bbox 946 577 1066 660; x_wconf 80' lang='lat' dir='ltr'>ingenii</span> <span class='ocrx_word' id='word_1_19' title='bbox 1094 577 1231 644; x_wconf 90' lang='lat' dir='ltr'>inventis</span> <span class='ocrx_word' id='word_1_20' title='bbox 1252 573 1389 660; x_wconf 88' lang='lat' dir='ltr'>linguae</span> <span class='ocrx_word' id='word_1_21' title='bbox 1417 576 1581 661; x_wconf 88' lang='lat' dir='ltr'>penuriam</span> <span class='ocrx_word' id='word_1_22' title='bbox 1611 575 1774 664; x_wconf 85' lang='lat' dir='ltr'>supplevit.</span> 
     </span>
     <span class='ocr_line' id='line_1_4' title="bbox 313 669 1775 767; baseline 0.002 -24"><span class='ocrx_word' id='word_1_23' title='bbox 313 675 403 756; x_wconf 82' lang='lat' dir='ltr'>Quae</span> <span class='ocrx_word' id='word_1_24' title='bbox 428 677 556 742; x_wconf 89' lang='lat' dir='ltr'>inventa</span> <span class='ocrx_word' id='word_1_25' title='bbox 577 678 603 741; x_wconf 89' lang='lat' dir='ltr'>si</span> <span class='ocrx_word' id='word_1_26' title='bbox 628 678 697 762; x_wconf 91' lang='lat' dir='ltr'>quis</span> <span class='ocrx_word' id='word_1_27' title='bbox 717 676 824 765; x_wconf 92' lang='lat' dir='ltr'>paullo</span> <span class='ocrx_word' id='word_1_28' title='bbox 851 677 1031 762; x_wconf 86' lang='lat' dir='ltr'>diligentius</span> <span class='ocrx_word' id='word_1_29' title='bbox 1054 669 1151 744; x_wconf 80' lang='lat' dir='ltr'>ue&#39;llet</span> <span class='ocrx_word' id='word_1_30' title='bbox 1173 679 1350 763; x_wconf 91' lang='lat' dir='ltr'>conquisita</span> <span class='ocrx_word' id='word_1_31' title='bbox 1372 679 1503 743; x_wconf 87' lang='lat' dir='ltr'>intorse</span> <span class='ocrx_word' id='word_1_32' title='bbox 1522 686 1634 746; x_wconf 91' lang='lat' dir='ltr'>etcum</span> <span class='ocrx_word' id='word_1_33' title='bbox 1650 679 1775 767; x_wconf 90' lang='lat' dir='ltr'>Sopho-</span> 
     </span>
     <span class='ocr_line' id='line_1_5' title="bbox 312 767 1776 866; baseline 0.002 -22"><span class='ocrx_word' id='word_1_34' title='bbox 312 779 391 845; x_wconf 83' lang='lat' dir='ltr'>cleis</span> <span class='ocrx_word' id='word_1_35' title='bbox 414 776 655 864; x_wconf 87' lang='lat' dir='ltr'>Euripideisque</span> <span class='ocrx_word' id='word_1_36' title='bbox 686 797 887 866; x_wconf 85' lang='lat' dir='ltr'>comparare,</span> <span class='ocrx_word' id='word_1_37' title='bbox 925 779 1033 866; x_wconf 87' lang='lat' dir='ltr'>paullo</span> <span class='ocrx_word' id='word_1_38' title='bbox 1064 767 1176 866; x_wconf 80' lang='lat' dir='ltr'>opiner</span> <span class='ocrx_word' id='word_1_39' title='bbox 1203 780 1341 866; x_wconf 85' lang='lat' dir='ltr'>apertius</span> <span class='ocrx_word' id='word_1_40' title='bbox 1369 779 1458 845; x_wconf 89' lang='lat' dir='ltr'>fieret</span> <span class='ocrx_word' id='word_1_41' title='bbox 1489 798 1581 865; x_wconf 90' lang='lat' dir='ltr'>quam</span> <span class='ocrx_word' id='word_1_42' title='bbox 1613 801 1696 847; x_wconf 90' lang='lat' dir='ltr'>nunc</span> <span class='ocrx_word' id='word_1_43' title='bbox 1728 792 1776 847; x_wconf 92' lang='lat' dir='ltr'>est</span> 
     </span>
     <span class='ocr_line' id='line_1_6' title="bbox 310 879 1774 969; baseline 0.001 -23"><span class='ocrx_word' id='word_1_44' title='bbox 310 879 389 948; x_wconf 90' lang='lat' dir='ltr'>illud</span> <span class='ocrx_word' id='word_1_45' title='bbox 421 880 504 966; x_wconf 90' lang='lat' dir='ltr'>quod</span> <span class='ocrx_word' id='word_1_46' title='bbox 534 882 728 963; x_wconf 81' lang='lat' dir='ltr'>tragicorum</span> <span class='ocrx_word' id='word_1_47' title='bbox 749 901 837 948; x_wconf 89' lang='lat' dir='ltr'>usum</span> <span class='ocrx_word' id='word_1_48' title='bbox 868 881 1073 968; x_wconf 90' lang='lat' dir='ltr'>appellamus.</span> <span class='ocrx_word' id='word_1_49' title='bbox 1127 881 1270 947; x_wconf 83' lang='lat' dir='ltr'>Ceterum</span> <span class='ocrx_word' id='word_1_50' title='bbox 1293 891 1486 967; x_wconf 83' lang='lat' dir='ltr'>quantopere</span> <span class='ocrx_word' id='word_1_51' title='bbox 1511 881 1674 968; x_wconf 89' lang='lat' dir='ltr'>adipsum</span> <span class='ocrx_word' id='word_1_52' title='bbox 1696 891 1774 969; x_wconf 81' lang='lat' dir='ltr'>poe·-</span> 
     </span>
     <span class='ocr_line' id='line_1_7' title="bbox 311 978 1775 1071; baseline 0.001 -22"><span class='ocrx_word' id='word_1_53' title='bbox 311 994 373 1049; x_wconf 89' lang='lat' dir='ltr'>tam</span> <span class='ocrx_word' id='word_1_54' title='bbox 399 978 640 1064; x_wconf 88' lang='lat' dir='ltr'>intelligendum</span> <span class='ocrx_word' id='word_1_55' title='bbox 661 992 691 1048; x_wconf 91' lang='lat' dir='ltr'>et</span> <span class='ocrx_word' id='word_1_56' title='bbox 711 985 829 1071; x_wconf 89' lang='lat' dir='ltr'>passim</span> <span class='ocrx_word' id='word_1_57' title='bbox 852 983 1081 1050; x_wconf 91' lang='lat' dir='ltr'>emendandum</span> <span class='ocrx_word' id='word_1_58' title='bbox 1103 983 1185 1050; x_wconf 91' lang='lat' dir='ltr'>haec</span> <span class='ocrx_word' id='word_1_59' title='bbox 1207 985 1368 1070; x_wconf 89' lang='lat' dir='ltr'>inquisitio</span> <span class='ocrx_word' id='word_1_60' title='bbox 1391 985 1546 1051; x_wconf 88' lang='lat' dir='ltr'>conducat</span> <span class='ocrx_word' id='word_1_61' title='bbox 1568 986 1620 1050; x_wconf 82' lang='lat' dir='ltr'>vin</span> <span class='ocrx_word' id='word_1_62' title='bbox 1641 993 1688 1049; x_wconf 90' lang='lat' dir='ltr'>est</span> <span class='ocrx_word' id='word_1_63' title='bbox 1710 1003 1775 1050; x_wconf 94' lang='lat' dir='ltr'>mo-</span> 
     </span>
     <span class='ocr_line' id='line_1_8' title="bbox 310 1085 692 1170; baseline -0.003 -19"><span class='ocrx_word' id='word_1_64' title='bbox 310 1105 387 1151; x_wconf 89' lang='lat' dir='ltr'>nere</span> <span class='ocrx_word' id='word_1_65' title='bbox 410 1101 530 1170; x_wconf 85' lang='lat' dir='ltr'>operae</span> <span class='ocrx_word' id='word_1_66' title='bbox 552 1085 692 1170; x_wconf 90' lang='lat' dir='ltr'>pretium.</span> 
     </span>
    </p>

    <p class='ocr_par' dir='ltr' id='par_1_3' title="bbox 310 1183 1797 2698">
     <span class='ocr_line' id='line_1_9' title="bbox 416 1183 1773 1274; baseline 0.002 -24"><span class='ocrx_word' id='word_1_67' title='bbox 416 1183 568 1272; x_wconf 89' lang='lat' dir='ltr'>Optimum</span> <span class='ocrx_word' id='word_1_68' title='bbox 591 1196 694 1253; x_wconf 89' lang='lat' dir='ltr'>autem</span> <span class='ocrx_word' id='word_1_69' title='bbox 715 1185 825 1253; x_wconf 91' lang='lat' dir='ltr'>ducem</span> <span class='ocrx_word' id='word_1_70' title='bbox 853 1196 884 1251; x_wconf 86' lang='lat' dir='ltr'>et</span> <span class='ocrx_word' id='word_1_71' title='bbox 906 1187 1013 1273; x_wconf 91' lang='lat' dir='ltr'>operis</span> <span class='ocrx_word' id='word_1_72' title='bbox 1039 1191 1130 1273; x_wconf 87' lang='lat' dir='ltr'>quasi</span> <span class='ocrx_word' id='word_1_73' title='bbox 1158 1185 1411 1274; x_wconf 90' lang='lat' dir='ltr'>proculcatorem</span> <span class='ocrx_word' id='word_1_74' title='bbox 1433 1186 1528 1252; x_wconf 92' lang='lat' dir='ltr'>hahui</span> <span class='ocrx_word' id='word_1_75' title='bbox 1551 1186 1773 1266; x_wconf 88' lang='lat' dir='ltr'>Blomheldum,</span> 
     </span>
     <span class='ocr_line' id='line_1_10' title="bbox 311 1285 1774 1376; baseline 0.003 -24"><span class='ocrx_word' id='word_1_76' title='bbox 311 1289 364 1373; x_wconf 93' lang='lat' dir='ltr'>qui</span> <span class='ocrx_word' id='word_1_77' title='bbox 393 1290 426 1352; x_wconf 92' lang='lat' dir='ltr'>im</span> <span class='ocrx_word' id='word_1_78' title='bbox 455 1285 625 1374; x_wconf 81' lang='lat' dir='ltr'>glossariis</span> <span class='ocrx_word' id='word_1_79' title='bbox 656 1289 791 1375; x_wconf 91' lang='lat' dir='ltr'>quinque</span> <span class='ocrx_word' id='word_1_80' title='bbox 823 1288 1003 1354; x_wconf 85' lang='lat' dir='ltr'>fabularum</span> <span class='ocrx_word' id='word_1_81' title='bbox 1041 1299 1158 1355; x_wconf 89' lang='lat' dir='ltr'>tantum</span> <span class='ocrx_word' id='word_1_82' title='bbox 1193 1288 1316 1356; x_wconf 89' lang='lat' dir='ltr'>laboris</span> <span class='ocrx_word' id='word_1_83' title='bbox 1347 1289 1517 1354; x_wconf 81' lang='lat' dir='ltr'>exantlavit</span> <span class='ocrx_word' id='word_1_84' title='bbox 1545 1300 1692 1374; x_wconf 91' lang='lat' dir='ltr'>quantum</span> <span class='ocrx_word' id='word_1_85' title='bbox 1722 1293 1774 1376; x_wconf 92' lang='lat' dir='ltr'>qui</span> 
     </span>
     <span class='ocr_line' id='line_1_11' title="bbox 310 1391 1774 1479; baseline 0.002 -25"><span class='ocrx_word' id='word_1_86' title='bbox 310 1399 381 1475; x_wconf 89' lang='lat' dir='ltr'>post</span> <span class='ocrx_word' id='word_1_87' title='bbox 402 1409 472 1472; x_wconf 83' lang='lat' dir='ltr'>euro</span> <span class='ocrx_word' id='word_1_88' title='bbox 494 1392 634 1479; x_wconf 88' lang='lat' dir='ltr'>sequitur</span> <span class='ocrx_word' id='word_1_89' title='bbox 651 1392 703 1462; x_wconf 83' lang='lat' dir='ltr'>uix</span> <span class='ocrx_word' id='word_1_90' title='bbox 724 1391 823 1476; x_wconf 88' lang='lat' dir='ltr'>possit</span> <span class='ocrx_word' id='word_1_91' title='bbox 843 1392 1027 1459; x_wconf 91' lang='lat' dir='ltr'>coniectura</span> <span class='ocrx_word' id='word_1_92' title='bbox 1048 1394 1186 1478; x_wconf 88' lang='lat' dir='ltr'>assequi.</span> <span class='ocrx_word' id='word_1_93' title='bbox 1231 1391 1278 1459; x_wconf 83' lang='lat' dir='ltr'>Eo</span> <span class='ocrx_word' id='word_1_94' title='bbox 1300 1392 1402 1457; x_wconf 91' lang='lat' dir='ltr'>minus</span> <span class='ocrx_word' id='word_1_95' title='bbox 1418 1391 1647 1476; x_wconf 89' lang='lat' dir='ltr'>vituperatione</span> <span class='ocrx_word' id='word_1_96' title='bbox 1662 1400 1774 1457; x_wconf 90' lang='lat' dir='ltr'>notau-</span> 
     </span>
     <span class='ocr_line' id='line_1_12' title="bbox 313 1489 1775 1577; baseline 0 -21"><span class='ocrx_word' id='word_1_97' title='bbox 313 1491 371 1556; x_wconf 89' lang='lat' dir='ltr'>dus</span> <span class='ocrx_word' id='word_1_98' title='bbox 395 1500 443 1556; x_wconf 88' lang='lat' dir='ltr'>est</span> <span class='ocrx_word' id='word_1_99' title='bbox 467 1491 551 1577; x_wconf 90' lang='lat' dir='ltr'>quod</span> <span class='ocrx_word' id='word_1_100' title='bbox 575 1503 628 1558; x_wconf 89' lang='lat' dir='ltr'>aut</span> <span class='ocrx_word' id='word_1_101' title='bbox 650 1493 803 1559; x_wconf 82' lang='lat' dir='ltr'>festinans</span> <span class='ocrx_word' id='word_1_102' title='bbox 826 1493 983 1558; x_wconf 91' lang='lat' dir='ltr'>interdum</span> <span class='ocrx_word' id='word_1_103' title='bbox 1003 1491 1061 1558; x_wconf 90' lang='lat' dir='ltr'>sub</span> <span class='ocrx_word' id='word_1_104' title='bbox 1082 1492 1160 1558; x_wconf 89' lang='lat' dir='ltr'>lines</span> <span class='ocrx_word' id='word_1_105' title='bbox 1181 1491 1359 1559; x_wconf 82' lang='lat' dir='ltr'>fabularum</span> <span class='ocrx_word' id='word_1_106' title='bbox 1381 1489 1540 1557; x_wconf 88' lang='lat' dir='ltr'>vocabula</span> <span class='ocrx_word' id='word_1_107' title='bbox 1559 1495 1699 1558; x_wconf 90' lang='lat' dir='ltr'>omiserit</span> <span class='ocrx_word' id='word_1_108' title='bbox 1722 1503 1775 1557; x_wconf 87' lang='lat' dir='ltr'>aut</span> 
     </span>
     <span class='ocr_line' id='line_1_13' title="bbox 312 1590 1772 1680; baseline -0.001 -22"><span class='ocrx_word' id='word_1_109' title='bbox 312 1603 397 1659; x_wconf 91' lang='lat' dir='ltr'>certe</span> <span class='ocrx_word' id='word_1_110' title='bbox 430 1595 585 1661; x_wconf 88' lang='lat' dir='ltr'>asterisco</span> <span class='ocrx_word' id='word_1_111' title='bbox 615 1595 745 1680; x_wconf 86' lang='lat' dir='ltr'>glossae</span> <span class='ocrx_word' id='word_1_112' title='bbox 778 1605 854 1662; x_wconf 90' lang='lat' dir='ltr'>nota</span> <span class='ocrx_word' id='word_1_113' title='bbox 884 1615 949 1661; x_wconf 92' lang='lat' dir='ltr'>nou</span> <span class='ocrx_word' id='word_1_114' title='bbox 979 1597 1170 1678; x_wconf 87' lang='lat' dir='ltr'>signaverit,</span> <span class='ocrx_word' id='word_1_115' title='bbox 1208 1605 1261 1661; x_wconf 84' lang='lat' dir='ltr'>aut</span> <span class='ocrx_word' id='word_1_116' title='bbox 1286 1593 1437 1661; x_wconf 89' lang='lat' dir='ltr'>nonnulla</span> <span class='ocrx_word' id='word_1_117' title='bbox 1467 1590 1550 1680; x_wconf 91' lang='lat' dir='ltr'>apud</span> <span class='ocrx_word' id='word_1_118' title='bbox 1573 1593 1654 1659; x_wconf 91' lang='lat' dir='ltr'>alios</span> <span class='ocrx_word' id='word_1_119' title='bbox 1680 1612 1772 1678; x_wconf 90' lang='lat' dir='ltr'>repe-</span> 
     </span>
     <span class='ocr_line' id='line_1_14' title="bbox 311 1693 1772 1782; baseline -0.003 -20"><span class='ocrx_word' id='word_1_120' title='bbox 311 1699 449 1772; x_wconf 90' lang='lat' dir='ltr'>riantur,</span> <span class='ocrx_word' id='word_1_121' title='bbox 480 1714 562 1782; x_wconf 89' lang='lat' dir='ltr'>quae</span> <span class='ocrx_word' id='word_1_122' title='bbox 584 1697 666 1763; x_wconf 92' lang='lat' dir='ltr'>inter</span> <span class='ocrx_word' id='word_1_123' title='bbox 688 1696 818 1781; x_wconf 84' lang='lat' dir='ltr'>glossas</span> <span class='ocrx_word' id='word_1_124' title='bbox 843 1697 993 1764; x_wconf 85' lang='lat' dir='ltr'>retulerit</span> <span class='ocrx_word' id='word_1_125' title='bbox 1010 1697 1038 1780; x_wconf 82' lang='lat' dir='ltr'>l)</span> <span class='ocrx_word' id='word_1_126' title='bbox 1088 1696 1211 1764; x_wconf 89' lang='lat' dir='ltr'>Etenim</span> <span class='ocrx_word' id='word_1_127' title='bbox 1237 1696 1320 1762; x_wconf 90' lang='lat' dir='ltr'>hanc</span> <span class='ocrx_word' id='word_1_128' title='bbox 1341 1697 1465 1763; x_wconf 89' lang='lat' dir='ltr'>veniam</span> <span class='ocrx_word' id='word_1_129' title='bbox 1495 1693 1602 1760; x_wconf 89' lang='lat' dir='ltr'>damus</span> <span class='ocrx_word' id='word_1_130' title='bbox 1624 1696 1772 1781; x_wconf 91' lang='lat' dir='ltr'>petimus-</span> 
     </span>
     <span class='ocr_line' id='line_1_15' title="bbox 312 1795 1774 1886; baseline -0.003 -22"><span class='ocrx_word' id='word_1_131' title='bbox 312 1818 373 1884; x_wconf 90' lang='lat' dir='ltr'>que</span> <span class='ocrx_word' id='word_1_132' title='bbox 395 1797 549 1875; x_wconf 91' lang='lat' dir='ltr'>vicissim,</span> <span class='ocrx_word' id='word_1_133' title='bbox 571 1807 603 1862; x_wconf 89' lang='lat' dir='ltr'>ut</span> <span class='ocrx_word' id='word_1_134' title='bbox 623 1817 665 1863; x_wconf 92' lang='lat' dir='ltr'>ne</span> <span class='ocrx_word' id='word_1_135' title='bbox 688 1817 839 1883; x_wconf 86' lang='lat' dir='ltr'>cogamur</span> <span class='ocrx_word' id='word_1_136' title='bbox 862 1801 895 1864; x_wconf 89' lang='lat' dir='ltr'>in</span> <span class='ocrx_word' id='word_1_137' title='bbox 917 1799 1138 1882; x_wconf 87' lang='lat' dir='ltr'>investigando</span> <span class='ocrx_word' id='word_1_138' title='bbox 1161 1800 1243 1865; x_wconf 89' lang='lat' dir='ltr'>ultra</span> <span class='ocrx_word' id='word_1_139' title='bbox 1269 1800 1452 1886; x_wconf 88' lang='lat' dir='ltr'>optimorum</span> <span class='ocrx_word' id='word_1_140' title='bbox 1473 1795 1646 1863; x_wconf 85' lang='lat' dir='ltr'>lexicorum</span> <span class='ocrx_word' id='word_1_141' title='bbox 1666 1795 1774 1883; x_wconf 90' lang='lat' dir='ltr'>qualia</span> 
     </span>
     <span class='ocr_line' id='line_1_16' title="bbox 312 1896 1774 1986; baseline -0.003 -21"><span class='ocrx_word' id='word_1_142' title='bbox 312 1899 410 1966; x_wconf 92' lang='lat' dir='ltr'>hodie</span> <span class='ocrx_word' id='word_1_143' title='bbox 434 1903 468 1964; x_wconf 89' lang='lat' dir='ltr'>iu</span> <span class='ocrx_word' id='word_1_144' title='bbox 490 1907 633 1985; x_wconf 89' lang='lat' dir='ltr'>promptu</span> <span class='ocrx_word' id='word_1_145' title='bbox 655 1909 727 1964; x_wconf 91' lang='lat' dir='ltr'>sunt</span> <span class='ocrx_word' id='word_1_146' title='bbox 747 1901 932 1984; x_wconf 84' lang='lat' dir='ltr'>religiosum</span> <span class='ocrx_word' id='word_1_147' title='bbox 955 1919 1042 1964; x_wconf 91' lang='lat' dir='ltr'>usum</span> <span class='ocrx_word' id='word_1_148' title='bbox 1065 1900 1233 1986; x_wconf 88' lang='lat' dir='ltr'>progredi:</span> <span class='ocrx_word' id='word_1_149' title='bbox 1264 1910 1356 1966; x_wconf 86' lang='lat' dir='ltr'>totam</span> <span class='ocrx_word' id='word_1_150' title='bbox 1379 1896 1589 1964; x_wconf 85' lang='lat' dir='ltr'>Graecitatem</span> <span class='ocrx_word' id='word_1_151' title='bbox 1612 1898 1701 1964; x_wconf 90' lang='lat' dir='ltr'>huius</span> <span class='ocrx_word' id='word_1_152' title='bbox 1726 1898 1774 1962; x_wconf 92' lang='lat' dir='ltr'>rei</span> 
     </span>
     <span class='ocr_line' id='line_1_17' title="bbox 313 1999 1775 2086; baseline 0 -20"><span class='ocrx_word' id='word_1_153' title='bbox 313 2020 412 2066; x_wconf 91' lang='lat' dir='ltr'>causa</span> <span class='ocrx_word' id='word_1_154' title='bbox 433 2001 629 2086; x_wconf 89' lang='lat' dir='ltr'>perscrutari</span> <span class='ocrx_word' id='word_1_155' title='bbox 650 2020 714 2065; x_wconf 92' lang='lat' dir='ltr'>non</span> <span class='ocrx_word' id='word_1_156' title='bbox 734 2003 836 2067; x_wconf 89' lang='lat' dir='ltr'>minus</span> <span class='ocrx_word' id='word_1_157' title='bbox 858 2001 1084 2068; x_wconf 85' lang='lat' dir='ltr'>infructuosum</span> <span class='ocrx_word' id='word_1_158' title='bbox 1103 2000 1215 2066; x_wconf 86' lang='lat' dir='ltr'>fuisset</span> <span class='ocrx_word' id='word_1_159' title='bbox 1237 2021 1331 2086; x_wconf 91' lang='lat' dir='ltr'>quam</span> <span class='ocrx_word' id='word_1_160' title='bbox 1350 1999 1509 2066; x_wconf 88' lang='lat' dir='ltr'>infinitum.</span> <span class='ocrx_word' id='word_1_161' title='bbox 1552 1999 1632 2066; x_wconf 92' lang='lat' dir='ltr'>Nam</span> <span class='ocrx_word' id='word_1_162' title='bbox 1650 1999 1775 2066; x_wconf 86' lang='lat' dir='ltr'>omissis</span> 
     </span>
     <span class='ocr_line' id='line_1_18' title="bbox 310 2099 1797 2189; baseline -0.003 -20"><span class='ocrx_word' id='word_1_163' title='bbox 310 2102 403 2170; x_wconf 84' lang='lat' dir='ltr'>etiam</span> <span class='ocrx_word' id='word_1_164' title='bbox 428 2100 542 2188; x_wconf 88' lang='lat' dir='ltr'>paucis</span> <span class='ocrx_word' id='word_1_165' title='bbox 565 2099 750 2185; x_wconf 78' lang='lat' dir='ltr'>quibusdam</span> <span class='ocrx_word' id='word_1_166' title='bbox 772 2105 910 2182; x_wconf 87' lang='lat' dir='ltr'>voculis,</span> <span class='ocrx_word' id='word_1_167' title='bbox 942 2103 1066 2167; x_wconf 88' lang='lat' dir='ltr'>circiter</span> <span class='ocrx_word' id='word_1_168' title='bbox 1088 2100 1172 2167; x_wconf 89' lang='lat' dir='ltr'>mille</span> <span class='ocrx_word' id='word_1_169' title='bbox 1194 2111 1224 2166; x_wconf 90' lang='lat' dir='ltr'>et</span> <span class='ocrx_word' id='word_1_170' title='bbox 1246 2111 1367 2167; x_wconf 91' lang='lat' dir='ltr'>centum</span> <span class='ocrx_word' id='word_1_171' title='bbox 1393 2101 1521 2189; x_wconf 87' lang='lat' dir='ltr'>glossae</span> <span class='ocrx_word' id='word_1_172' title='bbox 1546 2141 1588 2150; x_wconf 92' lang='lat'><em>-</em></span> <span class='ocrx_word' id='word_1_173' title='bbox 1609 2101 1797 2167; x_wconf 88' lang='lat' dir='ltr'>admodum</span> 
     </span>
     <span class='ocr_line' id='line_1_19' title="bbox 312 2195 1774 2292; baseline -0.003 -22"><span class='ocrx_word' id='word_1_174' title='bbox 312 2202 496 2292; x_wconf 85' lang='lat' dir='ltr'>spectabilis</span> <span class='ocrx_word' id='word_1_175' title='bbox 519 2205 614 2290; x_wconf 84' lang='lat' dir='ltr'>copia</span> <span class='ocrx_word' id='word_1_176' title='bbox 644 2241 685 2252; x_wconf 91' lang='lat'>—</span> <span class='ocrx_word' id='word_1_177' title='bbox 710 2217 888 2283; x_wconf 86' lang='lat' dir='ltr'>remanent,</span> <span class='ocrx_word' id='word_1_178' title='bbox 918 2207 952 2270; x_wconf 92' lang='lat' dir='ltr'>in</span> <span class='ocrx_word' id='word_1_179' title='bbox 980 2202 1092 2290; x_wconf 89' lang='lat' dir='ltr'>quibus</span> <span class='ocrx_word' id='word_1_180' title='bbox 1120 2223 1211 2288; x_wconf 92' lang='lat' dir='ltr'>quum</span> <span class='ocrx_word' id='word_1_181' title='bbox 1241 2222 1335 2267; x_wconf 92' lang='lat' dir='ltr'>rarae</span> <span class='ocrx_word' id='word_1_182' title='bbox 1363 2204 1426 2268; x_wconf 94' lang='lat' dir='ltr'>sint</span> <span class='ocrx_word' id='word_1_183' title='bbox 1452 2195 1569 2289; x_wconf 90' lang='lat' dir='ltr'>pluries</span> <span class='ocrx_word' id='word_1_184' title='bbox 1596 2211 1774 2288; x_wconf 85' lang='lat' dir='ltr'>usurpatae,</span> 
     </span>
     <span class='ocr_line' id='line_1_20' title="bbox 311 2301 1774 2392; baseline -0.003 -20"><span class='ocrx_word' id='word_1_185' title='bbox 311 2308 385 2374; x_wconf 85' lang='lat' dir='ltr'>licet</span> <span class='ocrx_word' id='word_1_186' title='bbox 414 2315 594 2390; x_wconf 87' lang='lat' dir='ltr'>computare</span> <span class='ocrx_word' id='word_1_187' title='bbox 618 2316 743 2390; x_wconf 87' lang='lat' dir='ltr'>quotam</span> <span class='ocrx_word' id='word_1_188' title='bbox 765 2319 883 2392; x_wconf 83' lang='lat' dir='ltr'>partem</span> <span class='ocrx_word' id='word_1_189' title='bbox 911 2310 943 2371; x_wconf 91' lang='lat' dir='ltr'>iu</span> <span class='ocrx_word' id='word_1_190' title='bbox 971 2316 1088 2390; x_wconf 90' lang='lat' dir='ltr'>septem</span> <span class='ocrx_word' id='word_1_191' title='bbox 1114 2325 1151 2368; x_wconf 84' lang='lat' dir='ltr'>ex</span> <span class='ocrx_word' id='word_1_192' title='bbox 1173 2304 1372 2389; x_wconf 88' lang='lat' dir='ltr'>septuaginta</span> <span class='ocrx_word' id='word_1_193' title='bbox 1394 2303 1571 2390; x_wconf 88' lang='lat' dir='ltr'>tragoediis</span> <span class='ocrx_word' id='word_1_194' title='bbox 1593 2301 1774 2368; x_wconf 83' lang='lat' dir='ltr'>habeamus.</span> 
     </span>
     <span class='ocr_line' id='line_1_21' title="bbox 311 2403 1773 2494; baseline -0.003 -22"><span class='ocrx_word' id='word_1_195' title='bbox 311 2407 359 2473; x_wconf 81' lang='lat' dir='ltr'>Ex</span> <span class='ocrx_word' id='word_1_196' title='bbox 384 2405 577 2472; x_wconf 84' lang='lat' dir='ltr'>carminibus</span> <span class='ocrx_word' id='word_1_197' title='bbox 600 2414 631 2471; x_wconf 90' lang='lat' dir='ltr'>et</span> <span class='ocrx_word' id='word_1_198' title='bbox 656 2409 839 2493; x_wconf 84' lang='lat' dir='ltr'>anapaestis</span> <span class='ocrx_word' id='word_1_199' title='bbox 863 2409 1007 2494; x_wconf 81' lang='lat' dir='ltr'>excerpsi</span> <span class='ocrx_word' id='word_1_200' title='bbox 1028 2419 1195 2472; x_wconf 85' lang='lat' dir='ltr'>sexcentas</span> <span class='ocrx_word' id='word_1_201' title='bbox 1218 2407 1356 2483; x_wconf 89' lang='lat' dir='ltr'>circiter,</span> <span class='ocrx_word' id='word_1_202' title='bbox 1391 2407 1578 2492; x_wconf 88' lang='lat' dir='ltr'>quingentas</span> <span class='ocrx_word' id='word_1_203' title='bbox 1601 2426 1639 2471; x_wconf 85' lang='lat' dir='ltr'>ex</span> <span class='ocrx_word' id='word_1_204' title='bbox 1659 2403 1773 2470; x_wconf 90' lang='lat' dir='ltr'>iambis</span> 
     </span>
     <span class='ocr_line' id='line_1_22' title="bbox 311 2506 1772 2597; baseline -0.003 -21"><span class='ocrx_word' id='word_1_205' title='bbox 311 2519 343 2576; x_wconf 88' lang='lat' dir='ltr'>et</span> <span class='ocrx_word' id='word_1_206' title='bbox 375 2507 544 2576; x_wconf 82' lang='lat' dir='ltr'>trochaeis.</span> <span class='ocrx_word' id='word_1_207' title='bbox 593 2507 661 2575; x_wconf 90' lang='lat' dir='ltr'>Has</span> <span class='ocrx_word' id='word_1_208' title='bbox 689 2511 760 2575; x_wconf 87' lang='lat' dir='ltr'>sine</span> <span class='ocrx_word' id='word_1_209' title='bbox 789 2520 865 2576; x_wconf 89' lang='lat' dir='ltr'>nota</span> <span class='ocrx_word' id='word_1_210' title='bbox 892 2514 995 2597; x_wconf 94' lang='lat' dir='ltr'>posui,</span> <span class='ocrx_word' id='word_1_211' title='bbox 1024 2506 1098 2574; x_wconf 92' lang='lat' dir='ltr'>illas</span> <span class='ocrx_word' id='word_1_212' title='bbox 1120 2507 1241 2592; x_wconf 77' lang='lat' dir='ltr'>additis</span> <span class='ocrx_word' id='word_1_213' title='bbox 1259 2518 1329 2595; x_wconf 91' lang='lat' dir='ltr'>post</span> <span class='ocrx_word' id='word_1_214' title='bbox 1347 2529 1505 2576; x_wconf 89' lang='lat' dir='ltr'>numerum</span> <span class='ocrx_word' id='word_1_215' title='bbox 1528 2528 1639 2574; x_wconf 87' lang='lat' dir='ltr'>versus</span> <span class='ocrx_word' id='word_1_216' title='bbox 1660 2507 1772 2573; x_wconf 88' lang='lat' dir='ltr'>litteris</span> 
     </span>
     <span class='ocr_line' id='line_1_23' title="bbox 312 2609 1773 2698; baseline -0.002 -20"><span class='ocrx_word' id='word_1_217' title='bbox 312 2617 389 2690; x_wconf 89' lang='lat' dir='ltr'>„c.“</span> <span class='ocrx_word' id='word_1_218' title='bbox 418 2619 472 2677; x_wconf 89' lang='lat' dir='ltr'>aut</span> <span class='ocrx_word' id='word_1_219' title='bbox 495 2617 601 2689; x_wconf 85' lang='lat' dir='ltr'>„an.“</span> <span class='ocrx_word' id='word_1_220' title='bbox 632 2609 768 2697; x_wconf 81' lang='lat' dir='ltr'>signavi.</span> <span class='ocrx_word' id='word_1_221' title='bbox 814 2610 958 2680; x_wconf 82' lang='lat' dir='ltr'>Ceterum</span> <span class='ocrx_word' id='word_1_222' title='bbox 981 2630 1087 2682; x_wconf 90' lang='lat' dir='ltr'>eorum</span> <span class='ocrx_word' id='word_1_223' title='bbox 1113 2630 1194 2698; x_wconf 90' lang='lat' dir='ltr'>quae</span> <span class='ocrx_word' id='word_1_224' title='bbox 1217 2611 1284 2677; x_wconf 91' lang='lat' dir='ltr'>iure</span> <span class='ocrx_word' id='word_1_225' title='bbox 1305 2610 1466 2698; x_wconf 83' lang='lat' dir='ltr'>Aeschylo</span> <span class='ocrx_word' id='word_1_226' title='bbox 1485 2609 1642 2680; x_wconf 88' lang='lat' dir='ltr'>vindicari</span> <span class='ocrx_word' id='word_1_227' title='bbox 1663 2619 1773 2698; x_wconf 91' lang='lat' dir='ltr'>potue·</span> 
     </span>
    </p>
   </div>
   <div class='ocr_carea' id='block_1_3' title="bbox 317 2901 1774 4070">
    <p class='ocr_par' dir='ltr' id='par_1_4' title="bbox 368 2901 1772 3143">
     <span class='ocr_line' id='line_1_24' title="bbox 368 2901 1771 2974; baseline -0.006 -12"><span class='ocrx_word' id='word_1_228' title='bbox 368 2904 398 2972; x_wconf 85' lang='lat'>1)</span> <span class='ocrx_word' id='word_1_229' title='bbox 417 2901 518 2959; x_wconf 78' lang='lat' dir='ltr'>horum</span> <span class='ocrx_word' id='word_1_230' title='bbox 533 2908 622 2960; x_wconf 82' lang='lat' dir='ltr'>tamen</span> <span class='ocrx_word' id='word_1_231' title='bbox 640 2907 744 2970; x_wconf 79' lang='lat' dir='ltr'>partem</span> <span class='ocrx_word' id='word_1_232' title='bbox 762 2906 834 2958; x_wconf 87' lang='lat' dir='ltr'>certe</span> <span class='ocrx_word' id='word_1_233' title='bbox 852 2901 1003 2957; x_wconf 83' lang='lat' dir='ltr'>adscribant</span> <span class='ocrx_word' id='word_1_234' title='bbox 1021 2919 1055 2957; x_wconf 93' lang='lat' dir='ltr'>ne</span> <span class='ocrx_word' id='word_1_235' title='bbox 1072 2903 1166 2959; x_wconf 82' lang='lat' dir='ltr'>ridear</span> <span class='ocrx_word' id='word_1_236' title='bbox 1183 2905 1276 2957; x_wconf 87' lang='lat' dir='ltr'>inania</span> <span class='ocrx_word' id='word_1_237' title='bbox 1295 2904 1378 2973; x_wconf 89' lang='lat' dir='ltr'>loqui.</span> <span class='ocrx_word' id='word_1_238' title='bbox 1413 2903 1520 2974; x_wconf 88' lang='lat' dir='ltr'>Sequor</span> <span class='ocrx_word' id='word_1_239' title='bbox 1537 2905 1668 2958; x_wconf 84' lang='lat' dir='ltr'>antemio</span> <span class='ocrx_word' id='word_1_240' title='bbox 1687 2905 1771 2955; x_wconf 87' lang='lat' dir='ltr'>citan-</span> 
     </span>
     <span class='ocr_line' id='line_1_25' title="bbox 415 2983 1772 3059; baseline -0.003 -16"><span class='ocrx_word' id='word_1_241' title='bbox 415 2987 450 3042; x_wconf 89' lang='lat' dir='ltr'>do</span> <span class='ocrx_word' id='word_1_242' title='bbox 471 3001 596 3042; x_wconf 88' lang='lat' dir='ltr'>numeros</span> <span class='ocrx_word' id='word_1_243' title='bbox 615 2983 841 3040; x_wconf 84' lang='lat' dir='ltr'>hermanniauos:</span> <span class='ocrx_word' id='word_1_244' title='bbox 871 2985 1113 3059; x_wconf 73' lang='grc' dir='ltr'>δὶογοδρονίο</span> <span class='ocrx_word' id='word_1_245' title='bbox 1137 2987 1180 3042; x_wconf 91' lang='lat' dir='ltr'>Pr.</span> <span class='ocrx_word' id='word_1_246' title='bbox 1204 2990 1265 3046; x_wconf 76' lang='lat'>146.</span> <span class='ocrx_word' id='word_1_247' title='bbox 1296 2985 1373 3040; x_wconf 83' lang='lat' dir='ltr'>Anth.</span> <span class='ocrx_word' id='word_1_248' title='bbox 1402 2985 1507 3054; x_wconf 69' lang='lat' dir='ltr'>Pala,</span> <span class='ocrx_word' id='word_1_249' title='bbox 1526 2991 1586 3046; x_wconf 89' lang='grc'><strong>236.</strong></span> <span class='ocrx_word' id='word_1_250' title='bbox 1605 2995 1631 3048; x_wconf 81' lang='grc'>8.</span> <span class='ocrx_word' id='word_1_251' title='bbox 1657 2984 1772 3056; x_wconf 71' lang='grc' dir='ltr'><strong><em>θηλύ-</em></strong></span> 
     </span>
     <span class='ocr_line' id='line_1_26' title="bbox 414 3069 1772 3143; baseline 0.001 -18"><span class='ocrx_word' id='word_1_252' title='bbox 414 3090 494 3130; x_wconf 71' lang='grc' dir='ltr'>νους</span> <span class='ocrx_word' id='word_1_253' title='bbox 513 3070 557 3125; x_wconf 89' lang='lat' dir='ltr'>Pr.</span> <span class='ocrx_word' id='word_1_254' title='bbox 575 3077 643 3128; x_wconf 88' lang='lat'>1007</span> <span class='ocrx_word' id='word_1_255' title='bbox 662 3069 738 3126; x_wconf 86' lang='lat' dir='ltr'>Phot.</span> <span class='ocrx_word' id='word_1_256' title='bbox 756 3070 872 3138; x_wconf 79' lang='lat' dir='ltr'>Zenon,</span> <span class='ocrx_word' id='word_1_257' title='bbox 898 3069 1133 3143; x_wconf 68' lang='grc' dir='ltr'>ἀλεξητήριος</span> <span class='ocrx_word' id='word_1_258' title='bbox 1151 3071 1208 3143; x_wconf 88' lang='lat' dir='ltr'>Spt.</span> <span class='ocrx_word' id='word_1_259' title='bbox 1226 3078 1251 3130; x_wconf 84' lang='grc'>8.</span> <span class='ocrx_word' id='word_1_260' title='bbox 1270 3070 1332 3126; x_wconf 84' lang='lat' dir='ltr'>Eur.</span> <span class='ocrx_word' id='word_1_261' title='bbox 1350 3070 1427 3128; x_wconf 85' lang='lat' dir='ltr'>Hero.</span> <span class='ocrx_word' id='word_1_262' title='bbox 1446 3072 1498 3126; x_wconf 81' lang='lat' dir='ltr'>sur.</span> <span class='ocrx_word' id='word_1_263' title='bbox 1515 3076 1567 3130; x_wconf 86' lang='grc'>476</span> <span class='ocrx_word' id='word_1_264' title='bbox 1586 3071 1652 3126; x_wconf 90' lang='lat' dir='ltr'>Poll.</span> <span class='ocrx_word' id='word_1_265' title='bbox 1666 3072 1772 3136; x_wconf 79' lang='lat' dir='ltr'>Athen,</span> 
     </span>
    </p>

    <p class='ocr_par' dir='ltr' id='par_1_5' title="bbox 317 3147 1774 3735">
     <span class='ocr_line' id='line_1_27' title="bbox 317 3147 1770 3227; baseline 0.002 -20"><span class='ocrx_word' id='word_1_266' title='bbox 317 3147 321 3152; x_wconf 82' lang='grc'><strong>’</strong></span> <span class='ocrx_word' id='word_1_267' title='bbox 415 3154 582 3222; x_wconf 76' lang='grc' dir='ltr'>μνῆοτωρ</span> <span class='ocrx_word' id='word_1_268' title='bbox 601 3154 658 3226; x_wconf 90' lang='lat' dir='ltr'>Spt.</span> <span class='ocrx_word' id='word_1_269' title='bbox 680 3160 729 3212; x_wconf 87' lang='grc'>162</span> <span class='ocrx_word' id='word_1_270' title='bbox 745 3172 860 3221; x_wconf 59' lang='lat' dir='ltr'>mennon</span> <span class='ocrx_word' id='word_1_271' title='bbox 884 3170 965 3225; x_wconf 87' lang='lat' dir='ltr'>saepe</span> <span class='ocrx_word' id='word_1_272' title='bbox 985 3159 1054 3211; x_wconf 87' lang='lat' dir='ltr'>alias</span> <span class='ocrx_word' id='word_1_273' title='bbox 1078 3156 1105 3210; x_wconf 94' lang='lat' dir='ltr'>id</span> <span class='ocrx_word' id='word_1_274' title='bbox 1129 3157 1199 3226; x_wconf 92' lang='lat' dir='ltr'>quod</span> <span class='ocrx_word' id='word_1_275' title='bbox 1220 3153 1355 3226; x_wconf 76' lang='grc' dir='ltr'>μνηστῆς,</span> <span class='ocrx_word' id='word_1_276' title='bbox 1379 3153 1539 3224; x_wconf 66' lang='lat' dir='ltr'>incendia</span> <span class='ocrx_word' id='word_1_277' title='bbox 1557 3157 1612 3227; x_wconf 85' lang='lat' dir='ltr'>Spt.</span> <span class='ocrx_word' id='word_1_278' title='bbox 1629 3165 1689 3216; x_wconf 84' lang='lat'>310.</span> <span class='ocrx_word' id='word_1_279' title='bbox 1708 3159 1770 3214; x_wconf 84' lang='lat' dir='ltr'>Ari-</span> 
     </span>
     <span class='ocr_line' id='line_1_28' title="bbox 319 3235 1771 3310; baseline 0.004 -20"><span class='ocrx_word' id='word_1_280' title='bbox 319 3245 324 3252; x_wconf 82' lang='grc'><strong><em>·</em></strong></span> <span class='ocrx_word' id='word_1_281' title='bbox 415 3237 503 3306; x_wconf 84' lang='lat' dir='ltr'>steph.</span> <span class='ocrx_word' id='word_1_282' title='bbox 520 3253 573 3308; x_wconf 81' lang='lat' dir='ltr'>pax</span> <span class='ocrx_word' id='word_1_283' title='bbox 591 3245 633 3296; x_wconf 86' lang='lat'>81.</span> <span class='ocrx_word' id='word_1_284' title='bbox 655 3239 743 3309; x_wconf 80' lang='lat' dir='ltr'>Apion</span> <span class='ocrx_word' id='word_1_285' title='bbox 764 3240 834 3310; x_wconf 86' lang='lat' dir='ltr'>apud</span> <span class='ocrx_word' id='word_1_286' title='bbox 854 3237 923 3294; x_wconf 89' lang='lat' dir='ltr'>Geli.</span> <span class='ocrx_word' id='word_1_287' title='bbox 945 3239 978 3300; x_wconf 86' lang='grc' dir='ltr'>Ν.</span> <span class='ocrx_word' id='word_1_288' title='bbox 997 3241 1028 3296; x_wconf 86' lang='lat' dir='ltr'>A.</span> <span class='ocrx_word' id='word_1_289' title='bbox 1047 3249 1072 3307; x_wconf 94' lang='grc'><strong>7,</strong></span> <span class='ocrx_word' id='word_1_290' title='bbox 1090 3246 1115 3296; x_wconf 83' lang='grc'>8.</span> <span class='ocrx_word' id='word_1_291' title='bbox 1150 3235 1412 3310; x_wconf 73' lang='lat' dir='ltr'>dsopuua‘cSpt.</span> <span class='ocrx_word' id='word_1_292' title='bbox 1430 3245 1489 3298; x_wconf 84' lang='grc'><strong>634.</strong></span> <span class='ocrx_word' id='word_1_293' title='bbox 1522 3239 1771 3310; x_wconf 88' lang='lat' dir='ltr'>ipseBlomiieldus</span> 
     </span>
     <span class='ocr_line' id='line_1_29' title="bbox 416 3321 1774 3397; baseline 0.002 -21"><span class='ocrx_word' id='word_1_294' title='bbox 416 3325 481 3384; x_wconf 81' lang='lat' dir='ltr'>uitat</span> <span class='ocrx_word' id='word_1_295' title='bbox 499 3321 563 3377; x_wconf 84' lang='lat' dir='ltr'>Eur.</span> <span class='ocrx_word' id='word_1_296' title='bbox 585 3321 715 3389; x_wconf 75' lang='lat'>01.834;</span> <span class='ocrx_word' id='word_1_297' title='bbox 745 3329 786 3378; x_wconf 81' lang='lat' dir='ltr'>est</span> <span class='ocrx_word' id='word_1_298' title='bbox 811 3327 890 3377; x_wconf 82' lang='lat' dir='ltr'>etiam</span> <span class='ocrx_word' id='word_1_299' title='bbox 914 3342 938 3380; x_wconf 80' lang='lat' dir='ltr'>u·</span> <span class='ocrx_word' id='word_1_300' title='bbox 956 3331 992 3385; x_wconf 83' lang='lat'>79</span> <span class='ocrx_word' id='word_1_301' title='bbox 1017 3332 1043 3380; x_wconf 91' lang='lat' dir='ltr'>et</span> <span class='ocrx_word' id='word_1_302' title='bbox 1065 3325 1121 3378; x_wconf 87' lang='lat' dir='ltr'>lon.</span> <span class='ocrx_word' id='word_1_303' title='bbox 1150 3327 1224 3381; x_wconf 81' lang='grc'><strong>1042.</strong></span> <span class='ocrx_word' id='word_1_304' title='bbox 1260 3321 1503 3396; x_wconf 69' lang='grc' dir='ltr'>ἑβδομαγέτης</span> <span class='ocrx_word' id='word_1_305' title='bbox 1529 3324 1574 3395; x_wconf 89' lang='lat' dir='ltr'>Sp.</span> <span class='ocrx_word' id='word_1_306' title='bbox 1600 3333 1667 3393; x_wconf 84' lang='grc'><strong>781,</strong></span> <span class='ocrx_word' id='word_1_307' title='bbox 1701 3323 1774 3397; x_wconf 84' lang='lat' dir='ltr'>quod</span> 
     </span>
     <span class='ocr_line' id='line_1_30' title="bbox 417 3406 1771 3482; baseline 0.003 -20"><span class='ocrx_word' id='word_1_308' title='bbox 417 3409 632 3478; x_wconf 82' lang='lat' dir='ltr'>antiquissimum</span> <span class='ocrx_word' id='word_1_309' title='bbox 647 3406 781 3477; x_wconf 81' lang='lat' dir='ltr'>Apollinis</span> <span class='ocrx_word' id='word_1_310' title='bbox 799 3424 947 3479; x_wconf 89' lang='lat' dir='ltr'>oognomeu</span> <span class='ocrx_word' id='word_1_311' title='bbox 967 3410 1019 3463; x_wconf 85' lang='lat' dir='ltr'>luit</span> <span class='ocrx_word' id='word_1_312' title='bbox 1037 3409 1071 3464; x_wconf 84' lang='lat' dir='ltr'>ei.</span> <span class='ocrx_word' id='word_1_313' title='bbox 1085 3409 1230 3464; x_wconf 84' lang='lat' dir='ltr'>hermanni</span> <span class='ocrx_word' id='word_1_314' title='bbox 1247 3426 1339 3482; x_wconf 87' lang='lat' dir='ltr'>opusc.</span> <span class='ocrx_word' id='word_1_315' title='bbox 1357 3407 1416 3463; x_wconf 88' lang='lat' dir='ltr'>vttt</span> <span class='ocrx_word' id='word_1_316' title='bbox 1436 3427 1462 3480; x_wconf 87' lang='lat' dir='ltr'>p.</span> <span class='ocrx_word' id='word_1_317' title='bbox 1476 3415 1537 3477; x_wconf 84' lang='grc'><strong>239,</strong></span> <span class='ocrx_word' id='word_1_318' title='bbox 1556 3410 1624 3465; x_wconf 88' lang='lat' dir='ltr'>Loh.</span> <span class='ocrx_word' id='word_1_319' title='bbox 1639 3409 1771 3480; x_wconf 85' lang='lat' dir='ltr'>Aglaoph.</span> 
     </span>
     <span class='ocr_line' id='line_1_31' title="bbox 414 3488 1771 3566; baseline 0 -17"><span class='ocrx_word' id='word_1_320' title='bbox 414 3493 520 3561; x_wconf 68' lang='grc'><strong>11434.</strong></span> <span class='ocrx_word' id='word_1_321' title='bbox 555 3488 712 3560; x_wconf 71' lang='lat' dir='ltr'>donentur</span> <span class='ocrx_word' id='word_1_322' title='bbox 736 3493 791 3562; x_wconf 90' lang='lat' dir='ltr'>Spt.</span> <span class='ocrx_word' id='word_1_323' title='bbox 808 3498 867 3549; x_wconf 88' lang='grc'><strong>822.</strong></span> <span class='ocrx_word' id='word_1_324' title='bbox 896 3493 971 3548; x_wconf 89' lang='lat' dir='ltr'>Pimd.</span> <span class='ocrx_word' id='word_1_325' title='bbox 996 3493 1072 3550; x_wconf 90' lang='lat' dir='ltr'>Nem.</span> <span class='ocrx_word' id='word_1_326' title='bbox 1090 3503 1124 3560; x_wconf 89' lang='lat'>7,</span> <span class='ocrx_word' id='word_1_327' title='bbox 1143 3503 1186 3552; x_wconf 94' lang='grc'>71.</span> <span class='ocrx_word' id='word_1_328' title='bbox 1215 3502 1241 3550; x_wconf 90' lang='lat' dir='ltr'>et</span> <span class='ocrx_word' id='word_1_329' title='bbox 1265 3511 1346 3566; x_wconf 83' lang='lat' dir='ltr'>saepe</span> <span class='ocrx_word' id='word_1_330' title='bbox 1366 3494 1436 3564; x_wconf 89' lang='lat' dir='ltr'>apud</span> <span class='ocrx_word' id='word_1_331' title='bbox 1455 3499 1636 3564; x_wconf 87' lang='lat' dir='ltr'>posteriores,</span> <span class='ocrx_word' id='word_1_332' title='bbox 1667 3495 1771 3550; x_wconf 72' lang='lat' dir='ltr'>daei-</span> 
     </span>
     <span class='ocr_line' id='line_1_32' title="bbox 413 3570 1773 3652; baseline 0.005 -23"><span class='ocrx_word' id='word_1_333' title='bbox 413 3570 552 3643; x_wconf 78' lang='grc' dir='ltr'><em>λακτῆρ</em></span> <span class='ocrx_word' id='word_1_334' title='bbox 577 3572 633 3643; x_wconf 78' lang='lat' dir='ltr'>Spi·</span> <span class='ocrx_word' id='word_1_335' title='bbox 652 3580 713 3632; x_wconf 89' lang='grc'><strong>833.</strong></span> <span class='ocrx_word' id='word_1_336' title='bbox 738 3575 836 3632; x_wconf 85' lang='lat' dir='ltr'>Herod.</span> <span class='ocrx_word' id='word_1_337' title='bbox 854 3585 886 3643; x_wconf 93' lang='grc'><strong>4,</strong></span> <span class='ocrx_word' id='word_1_338' title='bbox 906 3582 971 3644; x_wconf 84' lang='grc'><strong>161;</strong></span> <span class='ocrx_word' id='word_1_339' title='bbox 1000 3585 1032 3644; x_wconf 85' lang='grc'><strong>5,</strong></span> <span class='ocrx_word' id='word_1_340' title='bbox 1051 3586 1101 3644; x_wconf 86' lang='grc'>28;</span> <span class='ocrx_word' id='word_1_341' title='bbox 1129 3579 1280 3634; x_wconf 80' lang='lat' dir='ltr'>Diomhal.</span> <span class='ocrx_word' id='word_1_342' title='bbox 1306 3580 1337 3635; x_wconf 84' lang='lat' dir='ltr'>A.</span> <span class='ocrx_word' id='word_1_343' title='bbox 1356 3577 1386 3633; x_wconf 88' lang='lat' dir='ltr'>R.</span> <span class='ocrx_word' id='word_1_344' title='bbox 1411 3587 1443 3643; x_wconf 83' lang='lat'>2,</span> <span class='ocrx_word' id='word_1_345' title='bbox 1464 3583 1513 3646; x_wconf 87' lang='grc'><strong>76,</strong></span> <span class='ocrx_word' id='word_1_346' title='bbox 1539 3580 1773 3652; x_wconf 73' lang='grc' dir='ltr'><strong><em>πολύγομῷοσ</em></strong></span> 
     </span>
     <span class='ocr_line' id='line_1_33' title="bbox 416 3655 1770 3735; baseline 0.008 -25"><span class='ocrx_word' id='word_1_347' title='bbox 416 3655 491 3712; x_wconf 82' lang='lat' dir='ltr'>Pero.</span> <span class='ocrx_word' id='word_1_348' title='bbox 510 3664 552 3712; x_wconf 86' lang='lat'>72·</span> <span class='ocrx_word' id='word_1_349' title='bbox 576 3656 685 3716; x_wconf 79' lang='lat' dir='ltr'>hesiod</span> <span class='ocrx_word' id='word_1_350' title='bbox 704 3675 747 3729; x_wconf 80' lang='lat' dir='ltr'>up·</span> <span class='ocrx_word' id='word_1_351' title='bbox 765 3665 831 3727; x_wconf 81' lang='lat'>658,</span> <span class='ocrx_word' id='word_1_352' title='bbox 854 3657 1020 3730; x_wconf 70' lang='grc' dir='ltr'>οἶρμοὶεοο</span> <span class='ocrx_word' id='word_1_353' title='bbox 1040 3663 1113 3718; x_wconf 73' lang='lat' dir='ltr'>Pers.</span> <span class='ocrx_word' id='word_1_354' title='bbox 1134 3668 1186 3724; x_wconf 74' lang='grc'>136</span> <span class='ocrx_word' id='word_1_355' title='bbox 1201 3663 1268 3735; x_wconf 70' lang='lat' dir='ltr'>(app.</span> <span class='ocrx_word' id='word_1_356' title='bbox 1288 3664 1352 3734; x_wconf 69' lang='lat' dir='ltr'>Cpit.</span> <span class='ocrx_word' id='word_1_357' title='bbox 1369 3671 1403 3728; x_wconf 83' lang='lat'>3,</span> <span class='ocrx_word' id='word_1_358' title='bbox 1421 3669 1487 3728; x_wconf 83' lang='lat'>321,</span> <span class='ocrx_word' id='word_1_359' title='bbox 1511 3662 1704 3733; x_wconf 72' lang='grc' dir='ltr'>πάμμαχοο</span> <span class='ocrx_word' id='word_1_360' title='bbox 1721 3665 1770 3734; x_wconf 78' lang='lat' dir='ltr'>Ag.</span> 
     </span>
    </p>

    <p class='ocr_par' dir='ltr' id='par_1_6' title="bbox 415 3742 1768 3819">
     <span class='ocr_line' id='line_1_34' title="bbox 415 3742 1768 3819; baseline 0.002 -20"><span class='ocrx_word' id='word_1_361' title='bbox 415 3746 475 3802; x_wconf 78' lang='lat'>157.</span> <span class='ocrx_word' id='word_1_362' title='bbox 499 3742 628 3798; x_wconf 89' lang='lat' dir='ltr'>terminus</span> <span class='ocrx_word' id='word_1_363' title='bbox 651 3745 822 3812; x_wconf 80' lang='lat' dir='ltr'>palaestrae,</span> <span class='ocrx_word' id='word_1_364' title='bbox 849 3744 986 3816; x_wconf 76' lang='lat' dir='ltr'>Aristoph.</span> <span class='ocrx_word' id='word_1_365' title='bbox 1012 3747 1075 3819; x_wconf 81' lang='lat' dir='ltr'>Lps.</span> <span class='ocrx_word' id='word_1_366' title='bbox 1095 3766 1120 3802; x_wconf 85' lang='lat' dir='ltr'>v.</span> <span class='ocrx_word' id='word_1_367' title='bbox 1139 3751 1186 3812; x_wconf 89' lang='lat' dir='ltr'>ult.</span> <span class='ocrx_word' id='word_1_368' title='bbox 1207 3749 1321 3808; x_wconf 82' lang='lat' dir='ltr'>Theocr.</span> <span class='ocrx_word' id='word_1_369' title='bbox 1346 3751 1484 3813; x_wconf 84' lang='lat'>24,112,</span> <span class='ocrx_word' id='word_1_370' title='bbox 1517 3745 1694 3819; x_wconf 68' lang='grc' dir='ltr'>εὔμορφος</span> <span class='ocrx_word' id='word_1_371' title='bbox 1718 3750 1768 3816; x_wconf 83' lang='lat' dir='ltr'>Ag.</span> 
     </span>
    </p>

    <p class='ocr_par' dir='ltr' id='par_1_7' title="bbox 410 3827 1771 3986">
     <span class='ocr_line' id='line_1_35' title="bbox 414 3827 1769 3902; baseline 0.001 -18"><span class='ocrx_word' id='word_1_372' title='bbox 414 3830 467 3884; x_wconf 86' lang='grc'><strong>398</strong></span> <span class='ocrx_word' id='word_1_373' title='bbox 485 3831 511 3884; x_wconf 89' lang='lat' dir='ltr'>et</span> <span class='ocrx_word' id='word_1_374' title='bbox 528 3827 615 3882; x_wconf 86' lang='lat' dir='ltr'>tribue</span> <span class='ocrx_word' id='word_1_375' title='bbox 634 3829 696 3882; x_wconf 87' lang='lat' dir='ltr'>aliis</span> <span class='ocrx_word' id='word_1_376' title='bbox 714 3829 839 3900; x_wconf 76' lang='lat' dir='ltr'>Aesohpli</span> <span class='ocrx_word' id='word_1_377' title='bbox 859 3830 942 3895; x_wconf 87' lang='lat' dir='ltr'>louis,</span> <span class='ocrx_word' id='word_1_378' title='bbox 962 3831 1070 3902; x_wconf 85' lang='lat' dir='ltr'>Sappho</span> <span class='ocrx_word' id='word_1_379' title='bbox 1089 3839 1115 3890; x_wconf 87' lang='lat' dir='ltr'>ct</span> <span class='ocrx_word' id='word_1_380' title='bbox 1135 3832 1217 3902; x_wconf 89' lang='lat' dir='ltr'>Soph.</span> <span class='ocrx_word' id='word_1_381' title='bbox 1237 3835 1265 3886; x_wconf 89' lang='lat' dir='ltr'>iu</span> <span class='ocrx_word' id='word_1_382' title='bbox 1285 3831 1336 3895; x_wconf 73' lang='lat' dir='ltr'>lo,</span> <span class='ocrx_word' id='word_1_383' title='bbox 1358 3829 1450 3901; x_wconf 82' lang='lat' dir='ltr'>l’olph.</span> <span class='ocrx_word' id='word_1_384' title='bbox 1472 3837 1499 3886; x_wconf 90' lang='lat' dir='ltr'>et</span> <span class='ocrx_word' id='word_1_385' title='bbox 1518 3830 1586 3887; x_wconf 85' lang='lat' dir='ltr'>Plat.</span> <span class='ocrx_word' id='word_1_386' title='bbox 1603 3834 1769 3901; x_wconf 81' lang='lat' dir='ltr'>saepissime,</span> 
     </span>
     <span class='ocr_line' id='line_1_36' title="bbox 410 3905 1771 3986; baseline 0.007 -21"><span class='ocrx_word' id='word_1_387' title='bbox 410 3913 531 3982; x_wconf 80' lang='lat' dir='ltr'>quamtis</span> <span class='ocrx_word' id='word_1_388' title='bbox 547 3909 654 3967; x_wconf 74' lang='lat' dir='ltr'>Moeris</span> <span class='ocrx_word' id='word_1_389' title='bbox 680 3913 752 3969; x_wconf 79' lang='lat' dir='ltr'>dieat</span> <span class='ocrx_word' id='word_1_390' title='bbox 776 3916 808 3970; x_wconf 75' lang='grc' dir='ltr'>τὸ</span> <span class='ocrx_word' id='word_1_391' title='bbox 833 3911 858 3969; x_wconf 79' lang='grc' dir='ltr'>δ’</span> <span class='ocrx_word' id='word_1_392' title='bbox 879 3910 1013 3986; x_wconf 67' lang='grc' dir='ltr'>εὔμορφος</span> <span class='ocrx_word' id='word_1_393' title='bbox 1035 3915 1101 3986; x_wconf 83' lang='grc' dir='ltr'>παρ’</span> <span class='ocrx_word' id='word_1_394' title='bbox 1119 3915 1205 3973; x_wconf 71' lang='lat' dir='ltr'>otum</span> <span class='ocrx_word' id='word_1_395' title='bbox 1229 3905 1307 3984; x_wconf 75' lang='grc' dir='ltr'>εὗρον</span> <span class='ocrx_word' id='word_1_396' title='bbox 1326 3912 1384 3971; x_wconf 74' lang='lat' dir='ltr'>attt’</span> <span class='ocrx_word' id='word_1_397' title='bbox 1405 3912 1554 3984; x_wconf 71' lang='grc' dir='ltr'>οὗπροπῆο,</span> <span class='ocrx_word' id='word_1_398' title='bbox 1579 3913 1771 3974; x_wconf 65' lang='lat' dir='ltr'>additiones</span> 
     </span>
    </p>

    <p class='ocr_par' dir='ltr' id='par_1_8' title="bbox 341 3991 1769 4070">
     <span class='ocr_line' id='line_1_37' title="bbox 341 3991 1769 4070; baseline 0.004 -22"><span class='ocrx_word' id='word_1_399' title='bbox 341 4023 344 4028; x_wconf 91' lang='lat'>·</span> <span class='ocrx_word' id='word_1_400' title='bbox 411 3991 462 4066; x_wconf 77' lang='lat' dir='ltr'>Ag·</span> <span class='ocrx_word' id='word_1_401' title='bbox 482 4000 547 4060; x_wconf 83' lang='lat'>371,</span> <span class='ocrx_word' id='word_1_402' title='bbox 566 3993 647 4050; x_wconf 84' lang='lat' dir='ltr'>Anth.</span> <span class='ocrx_word' id='word_1_403' title='bbox 665 3995 721 4052; x_wconf 86' lang='lat' dir='ltr'>Pal.</span> <span class='ocrx_word' id='word_1_404' title='bbox 737 4003 768 4066; x_wconf 81' lang='grc'><strong>6,</strong></span> <span class='ocrx_word' id='word_1_405' title='bbox 789 4002 836 4066; x_wconf 86' lang='grc'>34,</span> <span class='ocrx_word' id='word_1_406' title='bbox 854 4001 907 4064; x_wconf 79' lang='lat' dir='ltr'>ta,</span> <span class='ocrx_word' id='word_1_407' title='bbox 937 3998 1317 4069; x_wconf 58' lang='lat' dir='ltr'>contumelientur.</span> <span class='ocrx_word' id='word_1_408' title='bbox 1336 3999 1425 4060; x_wconf 88' lang='lat' dir='ltr'>Strah.</span> <span class='ocrx_word' id='word_1_409' title='bbox 1445 4005 1472 4054; x_wconf 88' lang='lat' dir='ltr'>et</span> <span class='ocrx_word' id='word_1_410' title='bbox 1490 3999 1558 4056; x_wconf 83' lang='lat' dir='ltr'>Piat.</span> <span class='ocrx_word' id='word_1_411' title='bbox 1577 4015 1658 4070; x_wconf 83' lang='lat' dir='ltr'>saepe</span> <span class='ocrx_word' id='word_1_412' title='bbox 1677 4000 1769 4055; x_wconf 82' lang='lat' dir='ltr'>deuia·</span> 
     </span>
    </p>
   </div>
   <div class='ocr_carea' id='block_1_4' title="bbox 413 4075 1771 4232">
    <p class='ocr_par' dir='ltr' id='par_1_9' title="bbox 413 4075 1771 4232">
     <span class='ocr_line' id='line_1_38' title="bbox 413 4075 1771 4160; baseline 0.013 -32"><span class='ocrx_word' id='word_1_413' title='bbox 413 4075 472 4132; x_wconf 85' lang='lat' dir='ltr'>ium</span> <span class='ocrx_word' id='word_1_414' title='bbox 490 4091 637 4148; x_wconf 78' lang='lat' dir='ltr'>concursu,</span> <span class='ocrx_word' id='word_1_415' title='bbox 673 4078 852 4152; x_wconf 69' lang='grc' dir='ltr'>ἀγύρτρια</span> <span class='ocrx_word' id='word_1_416' title='bbox 875 4083 926 4153; x_wconf 79' lang='lat' dir='ltr'>Ag.</span> <span class='ocrx_word' id='word_1_417' title='bbox 955 4089 1029 4142; x_wconf 79' lang='grc'><strong>1232.</strong></span> <span class='ocrx_word' id='word_1_418' title='bbox 1053 4083 1180 4140; x_wconf 89' lang='lat' dir='ltr'>Philostr.</span> <span class='ocrx_word' id='word_1_419' title='bbox 1212 4084 1353 4155; x_wconf 69' lang='lat' dir='ltr'>Apolli,</span> <span class='ocrx_word' id='word_1_420' title='bbox 1372 4087 1406 4143; x_wconf 85' lang='lat' dir='ltr'>te</span> <span class='ocrx_word' id='word_1_421' title='bbox 1429 4089 1611 4160; x_wconf 68' lang='grc' dir='ltr'>περίφρων</span> <span class='ocrx_word' id='word_1_422' title='bbox 1634 4087 1685 4156; x_wconf 82' lang='lat' dir='ltr'>Ag.</span> <span class='ocrx_word' id='word_1_423' title='bbox 1702 4091 1771 4147; x_wconf 88' lang='grc'><strong>1388</strong></span> 
     </span>
     <span class='ocr_line' id='line_1_39' title="bbox 413 4153 981 4232; baseline 0.009 -18"><span class='ocrx_word' id='word_1_424' title='bbox 413 4155 487 4214; x_wconf 82' lang='lat' dir='ltr'>Hom.</span> <span class='ocrx_word' id='word_1_425' title='bbox 507 4164 648 4232; x_wconf 75' lang='grc' dir='ltr'>περίφρων</span> <span class='ocrx_word' id='word_1_426' title='bbox 665 4153 854 4232; x_wconf 63' lang='grc' dir='ltr'>Πηνελόπεια,</span> <span class='ocrx_word' id='word_1_427' title='bbox 872 4173 898 4222; x_wconf 84' lang='lat' dir='ltr'>el</span> <span class='ocrx_word' id='word_1_428' title='bbox 918 4168 981 4224; x_wconf 72' lang='lat' dir='ltr'>alia.</span> 
     </span>
    </p>
   </div>
   <div class='ocr_carea' id='block_1_5' title="bbox 0 0 2004 4950">
    <p class='ocr_par' dir='ltr' id='par_1_10' title="bbox 0 0 2004 4950">
     <span class='ocr_line' id='line_1_40' title="bbox 0 0 2004 4950; baseline 0 0"><span class='ocrx_word' id='word_1_429' title='bbox 0 0 2004 4950; x_wconf 95' lang='lat' dir='ltr'> </span> 
     </span>
    </p>
   </div>
  </div>
 </body>
</html>
