3998 4950
309 298 353 364 20

314 484 514 569 τρίρρυμα
534 482 602 562 τέλη
624 479 840 550 1111181111.
863 483 990 549 ordines
1014 482 1109 565 oitcpi
1130 491 1157 548 ol
1171 485 1294 566 tractui,
1316 480 1667 562 πεντηκοντάπαις
1685 479 1780 563 γέννα
1842 535 1846 542 .

314 584 365 650 Pr.
388 583 453 648 855
478 582 553 672 Sup.
575 585 656 663 300,
679 588 800 666 διατέμ
808 591 933 667 βολον
953 588 1028 648 ναῦν
1057 582 1096 649 ir.
1116 585 1182 652 130
1207 582 1319 664 (schol.
1341 583 1393 651 Ar.
1417 584 1476 651 Au.
1494 582 1580 648 1250
1605 580 1646 646 ad
1670 597 1780 647 vocem

316 689 513 770 τριέμβολον)
539 707 653 754 naveta
675 690 778 752 deceta
798 689 912 752 rostris
934 688 1139 762 instructam,
1168 688 1230 752 nisi
1251 687 1355 773 potius
1381 687 1582 773 interpretari
1605 680 1699 748 malis
1726 678 1781 759 τήν

316 785 434 866 δεκάκις
464 789 608 871 ἐμβαλεῖν
642 791 831 871 δυναμένην,
867 785 1195 875 ἕνατογκόρηνος
1232 787 1346 874 Τυφών
1376 788 1426 855 Pl·
1456 787 1538 864 355,
1577 782 1781 852 τοσουτά-

317 898 472 975 ριθμον
495 895 620 966 πλῆθος
641 889 728 957 PerS.
751 887 826 954 427.
1224 921 1229 926 -

418 991 501 1056 Ex
493 994 533 1056 1is
561 1010 645 1077 quae
674 991 899 1060 substantivum
925 994 1038 1060 tertiae
1063 993 1224 1059 continent
1244 990 1426 1076 Aeschylus
1444 945 1572 1112 praeter
1596 995 1729 1074 δίρρομα
1752 994 1783 1050 et

317 1099 475 1178 τρίρρυμα
505 1093 545 1158 ad
574 1093 745 1159 secundam
764 1092 1012 1162 declinationem
1033 1094 1122 1172 nulla
1143 1094 1212 1160 iere
1238 1095 1300 1160 nisi
1323 1113 1391 1160 curn
1410 1091 1513 1177 στόμα
1532 1105 1562 1159 et
1583 1091 1633 1178 dip
1655 1108 1782 1176 compo-

319 1196 379 1261 sita
402 1194 592 1261 traduxim*
599 1195 819 1280 ὅξόστομος
841 1196 936 1280 μόνον
958 1196 1009 1265 Pr.
1033 1198 1098 1263 075
1118 1221 1234 1281 χρυττες
1255 1217 1284 1262 1
1305 1195 1371 1264 sot
1391 1196 1475 1282 quod
1497 1195 1579 1282 apud
1593 1192 1781 1280 Aristopba

194 1355 196 1362 ,
318 1316 389 1361 nem
411 1317 577 1384 vesparum
601 1299 760 1385 epitheton
786 1307 847 1373 est,
877 1299 1229 1386 ἐλευθεροστομος
1254 1304 1380 1384 placeo
1404 1296 1480 1385 Sup
1503 1299 1585 1374 011,
1614 1292 1782 1380 *patui-

317 1415 387 1466 στα
395 1427 461 1484 μοι
488 1401 620 1486 ἐμβολαὶ
648 1407 722 1468 νεῶν
750 1399 784 1465 Ρ.
803 1396 868 1465 410
895 1419 992 1468 sensu
1019 1399 1225 1468 substantivi
1235 1400 1408 1478 translato,
1440 1401 1500 1468 sed
1527 1401 1657 1488 proprio
1686 1395 1784 1483 Soph.

317 1499 369 1566 Αἰ.
396 1503 453 1578 17,
485 1502 754 1584 οἶολόοτομος
778 1500 919 1586 χρησμός
949 1502 999 1567 Ρ1.
1029 1503 1094 1568 002
1122 1507 1307 1570 vaticinatio
1336 1505 1421 1568 aurii
1441 1507 1523 1576 oris,
1552 1507 1573 1567 i.
1594 1523 1618 1568 ν.
1646 1502 1783 1582 ambigui

318 1621 446 1676 sensata,
476 1605 759 1687 σεμνόστομος
782 1609 894 1688 μῦθος
923 1602 973 1670 Ρ1.
996 1604 1070 1682 957,
1102 1602 1414 1689 θρασυστόμοις
1444 1602 1593 1691 οἷνόροὶσιν
1623 1603 1690 1689 Spt.
1709 1601 1782 1678 593,

318 1705 445 1786 γλῶσσα
469 1703 531 1788 Ag.
561 1703 659 1782 1359,
696 1704 769 1771 Eur.
796 1704 856 1790 Ag.
885 1705 923 1773 st.
950 1706 986 1784 53
1020 1703 1227 1792 μνριωιτὸς
1258 1705 1372 1788 βοότης
1400 1706 1452 1774 Ρ1.
1482 1706 1547 1772 566
1573 1707 1676 1792 Arpos
1702 1705 1784 1772 milla

322 1807 444 1872 lomina
460 1809 605 1898 babeas,
640 1807 872 1892 *φαιδραιτό
881 1835 896 1882 ς
919 1807 982 1894 Ag.
1005 1811 1070 1878 700
1093 1831 1118 1877 c.
1147 1807 1298 1875 Eur.'0r.
1321 1810 1403 1888 892,
1433 1819 1464 1875 et
1495 1807 1631 1894 denique
1660 1806 1785 1876 dubium

320 1909 352 1973 ἐν
373 1909 548 1992 μανοστή
555 1937 644 1994 μοις
670 1914 800 1986 πέπλοις
823 1909 861 1976 fr.
882 1909 948 1976 434
978 1914 1084 1978 brevia
1105 1916 1245 1978 stamina
1267 1915 1401 1985 habeam,
1434 1911 1520 1999 quod
1540 1909 1786 1995 μανοοτημόνοις

322 2009 533 2078 scribendum.
561 2051 602 2060 -
626 2011 697 2078 ,Αο
725 2014 854 2099 primam
880 2014 1005 2078 transiit
1027 2017 1165 2098 Θέμιδος
1192 2017 1390 2098 αἰπυμῆτα
1417 2027 1480 2083 παῖ
1504 2013 1553 2080 Pr.
1577 2015 1620 2080 18
1644 2017 1783 2098 mopia-

321 2116 378 2178 daa
408 2117 535 2187 mealia,
567 2115 617 2179 aui
647 2111 731 2180 addo
760 2112 1031 2199 αἰσχρόμητις
1056 2115 1226 2200 παρακοπά
1254 2117 1316 2202 Ag.
1337 2117 1402 2182 209
1433 2137 1478 2194 a,
1507 2113 1785 2196 sdaoradpprrc

221 2227 222 2238 ¹
319 2213 402 2300 όρχό
425 2215 500 2303 Sup.
521 2214 587 2282 670
610 2237 654 2294 c,
678 2216 955 2301 μεγαλόμητις
976 2217 1039 2300 Ag.
1064 2219 1150 2282 1387
1176 2239 1201 2284 o.
1225 2218 1265 2285 de
1289 2217 1557 2304 Clytaemnestra3
1587 2236 1696 2283 verum
1720 2237 1784 2282 non

321 2317 420 2385 solum
443 2303 596 2385 feminina
617 2319 788 2385 sedetiam
810 2320 863 2384 ubi
886 2331 1015 2386 metrum
1035 2321 1192 2405 poscebat
1208 2319 1435 2386 masculinam
1457 2321 1551 2384 tertia
1572 2317 1784 2384 declinatione

320 2420 465 2485 retinuit:
503 2420 534 2484 oi
569 2419 833 2502 δολομότιδες
868 2420 944 2508 Sup.
974 2421 1040 2486 720
1068 2441 1094 2490 o.
1145 2423 1282 2488 Ratione
1316 2438 1484 2506 paragoga
1522 2418 1785 2502 petrocoricae

320 2517 433 2597 στόλος
461 2520 521 2603 Ag.
540 2517 584 2586 ts
609 2540 659 2588 an.
688 2519 816 2604 (classis
847 2524 1054 2608 Argivorum)
1082 2545 1102 2594 a
1130 2523 1285 2609 χιλιόιονς
1312 2519 1494 2609 productum
1523 2538 1584 2586 nec
1610 2539 1687 2586 varo
1715 2538 1784 2586 cum

324 2620 437 2704 ναότχς
456 2622 658 2709 compositum
680 2643 751 2690 esse
777 2636 863 2692 recte
884 2625 1035 2693 iudicavit
1056 2625 1185 2694 Looeolc
1204 2625 1306 2713 paral.
1329 2647 1359 2712 p.
1381 2625 1459 2690 237.
1503 2621 1613 2690 Simile
1636 2632 1685 2689 est
1709 2649 1785 2690 πο-

234 2709 242 2725 “
320 2723 460 2811 λόχτιρ
481 2732 535 2792 καὶ
556 2726 808 2806 πολυναότης
829 2728 917 2796 Pers.
941 2730 985 2794 83
1010 2747 1037 2795 c.
1068 2728 1135 2808 (ubi
1157 2725 1211 2803 vel
1233 2726 1429 2811 tautologiae
1450 2726 1599 2796 vitandae
1623 2745 1722 2792 causa
1744 2723 1785 2792 de

322 2825 458 2893 navibus
482 2829 585 2913 potius
609 2849 701 2915 quam
725 2829 763 2898 de
785 2832 889 2896 nautis
920 2831 1124 2915 cogitandum
1151 2835 1221 2912 est),
1272 2827 1321 2894 Ex
1340 2831 1380 2894 iis
1404 2830 1541 2916 quaein
1565 2828 1660 2894 tertia
1683 2827 1788 2896 decli<

325 2931 453 2996 natione
480 2941 717 3016 permanserunt
745 2935 994 3000 terminationem
1022 2937 1238 3019 incorruptam
1266 2951 1306 2998 aa
1335 2942 1523 2998 conservant
1553 2951 1635 3018 quae
1667 2931 1785 2997 asub

325 3035 469 3098 stantivis
494 3043 548 3098 aut
566 3031 796 3117 'monosyllabis
825 3044 855 3100 at
880 3035 1091 3108 immobilibus
1121 3033 1196 3116 (de
1206 3033 1319 3120 quibus
1343 3034 1383 3102 ci.
1407 3032 1562 3102 Lobeckii
1585 3035 1685 3121 paral.
1709 3034 1783 3108 diss.

324 3133 390 3218 ΙΙΙ.)
423 3145 477 3201 aut
498 3135 531 3200 iu
561 3163 590 3212 ις
614 3148 643 3202 et
663 3163 706 3206 αν
726 3138 909 3204 exeuntibus
931 3137 1136 3206 descendunt.
1178 3137 1358 3206 Recensitis
1380 3135 1465 3204 addo
1494 3134 1588 3214 οξ
1571 3165 1587 3200 υ
1595 3161 1683 3220 χτιρ
1712 3132 1786 3200 κιό-

324 3263 384 3327 νιος
405 3236 481 3303 oto.
506 3239 600 3306 231.
626 3240 709 3326 quod
732 3244 873 3327 quamuis
894 3244 1074 3328 possessive
1095 3242 1148 3307 vix
1168 3243 1247 3308 verti
1270 3244 1384 3329 possit,
1410 3240 1504 3306 aliter
1526 3251 1628 3306 tamen
1649 3235 1786 3320 intelligi

325 3341 447 3426 nequit,
477 3337 588 3406 Pollux
614 3338 657 3417 11,
682 3340 726 3406 to
753 3364 793 3410 ex
820 3343 1018 3422 Menandro,
1050 3342 1187 3410 Tbeocr.
1207 3344 1266 3420 20,
1295 3345 1343 3422 2.,
1374 3343 1645 3426 κελαινόχρως
1672 3345 1787 3422 raptio

274 3507 277 3514 ,
327 3439 403 3528 Sup.
424 3443 491 3508 755
516 3462 543 3509 c.
573 3445 617 3524 (ut
648 3441 799 3510 librorum
827 3445 1027 3532 μελανόχροος
1056 3444 1233 3515 emendavit
1262 3443 1512 3526 Lachmannus)‚
1540 3447 1786 3527 μελαναιχὶς

327 3543 429 3627 ἔρινός
460 3543 527 3631 Spt.
547 3545 611 3612 680
637 3565 661 3612 c.
692 3549 781 3630 toria
808 3562 916 3616 atram
941 3552 1114 3634 procellam
1144 3567 1247 3614 secam
1271 3551 1393 3631 terens,
1419 3543 1670 3629 κακοφότιολα
1697 3540 1788 3625 βιόν,

327 3649 600 3727 κακομέλετον
628 3649 678 3720 ἰόν
709 3650 743 3718 P.
766 3651 831 3716 015
859 3671 888 3716 ο.
918 3661 1061 3738 (quorum
1088 3647 1221 3717 alterum
1247 3669 1268 3716 a
1297 3654 1422 3734 mitto:
1449 3658 1588 3714 ceterum
1612 3645 1651 3712 de
1674 3645 1723 3710 his
1747 3643 1789 3716 cl.

308 3748 463 3819 ‘Lobeck
484 3752 586 3836 paral.
610 3774 640 3839 p.
657 3753 738 3832 239,
758 3753 840 3841 prol.
862 3753 979 3840 pathol.
1002 3772 1032 3838 p.
1053 3751 1130 3834 155)
1151 3755 1172 3820 1.
1187 3773 1215 3818 e.
1239 3755 1360 3820 clamor
1377 3753 1534 3834 lugubris,
1558 3748 1788 3834 βαθόχθυν

217 3849 222 3859 ’
328 3847 383 3919 αἶα
414 3849 479 3940 Spt.
508 3855 573 3922 288
604 3865 690 3921 terro
712 3859 912 3942 profundam
940 3860 960 3921 i.
988 3877 1012 3923 e.
1042 3859 1177 3941 partilem
1204 3859 1333 3920 bamam
1363 3856 1496 3927 babeas,
1532 3856 1788 3938 μελαγχίτων

218 4043 225 4054 χ
328 3952 409 4039 φρήν
429 3953 517 4022 Pers·
540 3957 604 4020 ll3
621 3973 654 4020 0·
670 3956 885 4044 pulcherrima
903 3960 1041 4044 imagine
1066 3957 1195 4033 dictum,
1219 3955 1447 4040 όβροχίταν
1468 3955 1539 4036 odoi
1559 3951 1787 4027 11115381,

329 4051 602 4144 φαιοχίτωνες.
620 4073 764 4144 γυναῖκες
786 4062 863 4130 Cho.
886 4059 971 4128 loto
992 4060 1096 4128 iuriae
1110 4063 1216 4144 pallas
1240 4061 1365 4125 tonicae
1386 4061 1530 4128 babentes
1552 4053 1652 4140 (quod
1670 4061 1788 4120 notan·

244 4257 249 4267 Ι
331 4157 401 4226 dum
430 4175 558 4252 propter
585 4161 824 4250 productionem
849 4164 959 4234 brevis
986 4162 1111 4230 vocalis
1139 4163 1172 4226 in
1200 4163 1289 4250 arsi).
1339 4161 1388 4230 Ea
1411 4171 1512 4228 autem
1536 4176 1617 4244 quae
1640 4166 1808 4224 mutatam·
