3998 4950
1659 338 1707 410 93

180 583 184 590 ,
349 513 407 580 llis
425 511 629 600 perlustratis·
643 514 678 578 in
698 518 842 600 promptu
863 519 910 578 est
926 509 1107 578 observatio
1123 509 1314 598 Aeschylum
1334 518 1587 605 praepositiones
1608 528 1704 597 multo

243 614 370 704 saepius
392 614 491 682 ideali
514 635 604 702 quem
618 616 705 682 aiunt
729 623 759 680 et
775 612 933 680 translato
956 631 1051 680 sensu
1068 616 1304 701 quamproprie
1321 627 1352 684 et
1365 617 1465 687 locali
1480 631 1703 726 cpmposuisse.

441 839 467 921 §.
490 840 521 902 t.
574 833 626 902 tv.
674 834 891 902 Obiectioa
915 839 979 902 sice
1002 839 1178 918 composita
1201 839 1503 918 dependentioc.

340 1003 440 1094 Hpius
463 1002 575 1070 classis
596 1002 658 1070 duo
681 989 809 1071 ordines
832 1013 919 1070 sunt:
943 1003 1026 1070 alter
1045 1003 1098 1070 ubi
1115 1005 1285 1072 membrum
1301 1005 1484 1096 dependens
1501 1018 1704 1100 praemissum

111 1156 116 1164 -
236 1118 302 1186 est,
324 1105 407 1172 alter
429 1106 483 1173 ubi
506 1125 634 1190 regens.
680 1106 820 1194 Utraque
844 1106 1166 1193 coniungendiratio
1186 1108 1304 1196 priscis
1326 1111 1612 1185 nomenclatoribus
1636 1127 1702 1190 uri-

237 1219 305 1276 tata
332 1209 407 1277 fuit:
441 1218 554 1296 postea
583 1228 660 1276 vero
692 1208 847 1293 gliscente
879 1207 1088 1294 simplicitatis
1114 1209 1218 1276 studio
1250 1212 1447 1299 abscisisque
1481 1221 1577 1284 ramis
1612 1223 1706 1290 nimis

239 1310 474 1394 luxuriantibus
501 1299 588 1398 prior
617 1312 680 1374 ista
710 1312 755 1375 ita
782 1306 929 1386 invaluit,
960 1318 993 1375 ut
1023 1310 1184 1380 obiectira
1211 1307 1337 1400 lingere
1357 1315 1533 1402 praemisso
1563 1322 1702 1391 membro

239 1422 370 1494 regente
394 1403 496 1498 poe't'is
517 1411 646 1497 'quidem
664 1414 770 1496 utique
793 1409 919 1489 liceret,
947 1409 1088 1497 pedestri
1110 1433 1186 1480 vero
1208 1417 1349 1482 sermoni
1372 1428 1500 1503 praeter
1521 1439 1626 1506 pauca
1644 1445 1703 1510 pu-

240 1511 325 1578 blice
348 1500 477 1598 recepta
499 1509 532 1578 in
553 1511 792 1578 desuetudinem
814 1511 931 1577 sensim
953 1512 1067 1582 abiret.
1112 1515 1249 1604 Uterque
1272 1517 1350 1585 ordo
1366 1527 1472 1586 ternos
1490 1541 1599 1588 rursus
1614 1525 1703 1591 ordi·
1745 1517 1752 1537 '

238 1634 296 1684 nes
319 1613 431 1681 habet:
453 1616 598 1700 primum,
621 1613 675 1680 ubi
691 1609 862 1681 membrum
876 1634 992 1700 regens
1017 1653 1057 1666 -
1082 1639 1267 1706 suspensum
1286 1621 1385 1697 enim,
1409 1632 1442 1688 ut
1455 1631 1557 1709 patet,
1579 1644 1703 1713 semper

239 1727 287 1782 est
310 1715 533 1782 substantivum
562 1753 597 1762 -
632 1711 858 1782 substantivum
891 1727 953 1795 est,
984 1719 1130 1796 alterum,
1162 1721 1215 1786 uhi
1248 1722 1451 1802 adiectivum,
1482 1723 1620 1804 tertium,
1650 1729 1703 1795 ubi

37 1809 38 1812 ’
114 1821 120 1825 ”
237 1817 378 1885 arerbo
401 1816 611 1904 repetendum.
655 1817 694 1885 Et
721 1819 773 1884 bic
795 1817 927 1903 ‚quidem
957 1839 1049 1905 quem
1077 1821 1247 1904 novissimo
1276 1822 1348 1902 loco
1378 1825 1467 1892 attuli
1495 1835 1526 1890 et
1553 1826 1703 1913 plurimas

239 1931 268 1986 et
292 1911 425 1986 manime
446 1922 555 1986 varias
575 1920 801 1988 vocabulorum
823 1918 940 1985 formas
963 1923 1110 1988 continet.

533 2107 569 2168 A.
613 2104 828 2172 Membrum
859 2103 1095 2192 dependens
1124 2109 1408 2196 praeponitur.
1473 2139 1476 2144 ·

341 2259 374 2340 l)
398 2255 445 2323 Ea
469 2275 598 2344 quorum
620 2267 825 2344 utrumque
846 2260 1056 2327 membrum
1078 2281 1095 2325 c
1116 2260 1397 2329 substantivis
1421 2271 1498 2341 est,
1518 2267 1638 2335 minore
1657 2289 1696 2337 ex

236 2367 325 2444 parte
345 2359 558 2437 substantiva,
579 2359 697 2426 maiore
723 2358 879 2425 adiectiva
900 2371 979 2426 sunt.
1024 2363 1165 2428 Alterum
1188 2362 1357 2430 membrum
1382 2383 1421 2430 ex
1439 2364 1540 2434 altero
1562 2374 1703 2454 genitivo

238 2471 292 2526 aut
313 2463 496 2547 possessivo
518 2471 570 2526 aut
593 2461 751 2530 obiectivo
778 2481 867 2548 quem
892 2473 1007 2528 vocant
1028 2483 1212 2550 suspensum
1235 2475 1291 2532 est.
1343 2469 1569 2552 *Γυιοπέδη
1600 2473 1701 2545 Prom.

238 2561 301 2627 169
328 2582 377 2629 an.
400 2561 480 2650 0pp.
502 2561 574 2628 Hal.
595 2561 640 2640 ll,
664 2565 724 2640 8⁵,
748 2566 961 2627 membrorum
981 2569 1156 2638 vinculato,
1179 2564 1263 2648 quod
1283 2566 1471 2638 vocabulum
1492 2575 1702 2664 incorruptam

236 2665 407 2730 retinuisse
432 2663 684 2732 terminationem
705 2674 870 2750 propterea
894 2665 977 2751 quod
1003 2667 1234 2732 instrumentum
1257 2665 1455 2751 significaret
1477 2692 1541 2736 non
1559 2687 1701 2761 praeter-

237 2767 321 2830 misit
340 2764 494 2833 adnotare
515 2764 696 2832 Lobeckins
721 2763 826 2832 Paral.
848 2786 879 2852 p.
902 2769 967 2832 370
999 2771 1072 2853 (qua
1093 2767 1315 2835 observatione
1347 2771 1505 2854 iugulatur
1532 2773 1701 2847 Hermanni

239 2867 422 2933 coniectura
449 2867 680 2952 φρενοιύπη
703 2867 764 2951 Ag.
788 2868 850 2931 103
873 2886 922 2932 ao.
948 2869 1023 2953 quia
1042 2868 1226 2935 abstractae
1249 2869 1490 2952 significationis
1513 2883 1588 2962 est),
1617 2885 1698 2951 *οι-

237 2966 415 3050 νοφύλαξ
443 2967 522 3047 Ζεῦς
551 2968 626 3056 Snp.
649 2968 694 3032 26
719 2969 809 3034 Anth.
837 2969 904 3034 Pal.
933 2970 969 3048 9,
999 2971 1080 3051 ool,
1115 2975 1153 3051 3,
1184 2971 1267 3060 apud
1294 2984 1439 3058 posteros
1469 2985 1556 3046 term.
1586 2983 1698 3064 lecim,

198 3147 200 3154 Ι
238 3076 457 3159 ιαμοδαίτη
480 3073 540 3157 Ag.
557 3071 621 3137 119
636 3091 662 3136 c.
681 3075 791 3154 epulae
805 3073 947 3154 leporino
961 3075 1102 3156 genitivo
1120 3073 1296 3151 obiectivo,
1318 3076 1393 3139 item
1412 3082 1698 3166 προβατογνώ-

233 3198 313 3256 μων
341 3173 403 3258 Ag.
425 3174 488 3238 761
513 3193 563 3240 an.
588 3179 693 3238 ocium
711 3177 851 3256 peritus,
880 3173 963 3258 quod
995 3184 1028 3240 ut
1053 3173 1241 3242 adiectivum
1270 3173 1500 3262 ὗππομνώμονα
1526 3181 1632 3266 θυμόν
1655 3186 1697 3253 lr.

234 3273 315 3351 255,
337 3294 357 3340 a
377 3275 507 3362 γνώμων
530 3277 600 3341 sinc
625 3274 716 3341 dubio
739 3277 857 3341 rectius
881 3295 973 3360 quarn
1005 3296 1024 3341 a
1053 3275 1158 3361 γνώμη
1187 3281 1232 3360 (ιιι
1258 3279 1521 3364 μαλακογνώμων)
1552 3295 1696 3371 repeten-

236 3377 387 3454 dumosi,
417 3376 537 3464 ἀνδρῶν
557 3374 842 3460 μνριιὶδαρχος
863 3375 950 3444 Pers
973 3379 1039 3444 964
1057 3399 1084 3444 o.
1106 3387 1168 3456 (ex.
1193 3378 1315 3444 emend.
1339 3377 1466 3464 Btont.)
1498 3392 1528 3448 ei
1549 3393 1601 3450 καὶ
1621 3387 1697 3472 βού-

234 3487 352 3563 λαρχον
387 3487 438 3544 και
474 3483 726 3563 στασίαρχοι
759 3475 835 3564 Sup.
861 3480 902 3542 12
930 3500 996 3558 an,
1031 3478 1116 3566 quod
1145 3473 1341 3545 vocabulum
1363 3480 1504 3548 consulto
1530 3495 1626 3572 poota
1656 3511 1696 3557 ex

235 3578 357 3648 duobus
380 3581 574 3666 homonymis
601 3579 787 3646 conflavisse
809 3577 944 3658 videtur,
969 3591 1001 3646 ut
1018 3584 1119 3667 possit
1138 3591 1301 3668 utrumque
1325 3581 1508 3666 significare
1533 3599 1564 3653 et
1586 3595 1695 3658 onena

235 3687 369 3764 opmiois
392 3694 421 3751 et
447 3695 607 3750 auctorent
630 3685 802 3748 seditionis.
847 3681 902 3750 liis
935 3683 1090 3752 accedunt
1114 3685 1289 3770 composita
1317 3702 1387 3749 cum
1414 3682 1522 3768 μάντις
1550 3689 1693 3778 reliqua:

226 3784 503 3866 -*κακόμαντνς
528 3785 594 3873 Sps.
615 3786 680 3850 703
703 3804 749 3862 o,
773 3783 807 3850 P.
823 3783 866 3848 10
887 3803 954 3863 am,
977 3785 1081 3872 Apoll.
1105 3782 1163 3851 Rh.
1185 3783 1238 3849 lll·
1263 3783 1329 3851 935
1353 3788 1374 3853 i.
1396 3807 1445 3872 qtl.
1468 3787 1595 3857 Homeri
1612 3791 1694 3876 μάν·

233 3911 281 3964 τις
303 3891 422 3969 κακῶν,
444 3885 717 3974 ἀληθόμαντις
738 3885 906 3972 Ας.1200,
930 3885 1191 3970 θυμόμαντις
1213 3884 1318 3953 P.233
1330 3885 1425 3956 llos:
1448 3887 1486 3956 od
1500 3891 1590 3975 piosa
1611 3892 1692 3976 μάν-

234 4015 282 4066 τις
302 3988 362 4071 ὤν,
387 3982 462 4056 itti
483 3986 544 4054 αἰιὸ
563 3995 712 4076 λογιςμοῖν
732 3995 854 4074 κρίνων.
887 3987 922 4053 ln
938 3987 985 4052 his
1008 3979 1176 4073 genitivus
1190 3988 1308 4074 objecti
1330 3999 1391 4069 esi,
1415 3990 1473 4058 sod
1493 3995 1693 4079 possessivus

187 4103 192 4108 “
233 4089 268 4155 in
299 4088 598 4176 στρατόμαντις
625 4094 683 4176 Ag.
707 4093 771 4158 1-18
798 4112 824 4158 o.
857 4099 887 4157 el
916 4089 1204 4166 *Πνθόμαντνν
1227 4093 1349 4172 Λοξίαν
1378 4090 1455 4160 Cho.
1485 4093 1571 4159 1026
1596 4095 1690 4187 Soph.

233 4189 272 4258 0.
289 4189 328 4258 Τ.
350 4192 425 4259 963.
458 4193 603 4286 (letarum
624 4192 685 4260 boc
708 4194 892 4262 vocabulum
912 4191 1021 4278 μάντις
1043 4211 1063 4258 a
1083 4192 1187 4262 multis
1207 4197 1309 4283 potitis
1334 4193 1447 4358 engbro
1469 4203 1675 4285 componitur.
