3998 4950
1680 311 1721 376 ll

254 501 345 566 orto,
369 489 522 575 adestque
538 489 871 556 nominum'veutorum
892 485 1096 573 analogium„
1117 495 1150 553 ut
1170 491 1300 573 nautae.
1345 488 1440 556 (hius
1464 489 1611 560 dictionis
1633 503 1719 582 patet

259 593 394 678 elegans
416 589 587 658 aoerbitus.

180 721 184 728 ·
274 757 279 762 .
357 694 536 782 Sequuntur
556 693 685 760 nomina
708 687 957 769 denominativa,
985 690 1139 778 quibus
1161 711 1230 760 res
1252 690 1324 760 sub
1348 711 1493 764 sensus
1515 693 1716 766 uadentes

252 795 477 883 significantur.
1256 843 1259 850 -
1306 839 1309 850 .

248 933 250 938 v
353 898 491 967 Nomina
519 893 672 962 feminina
695 892 919 960 terminatione
943 883 984 973 a}
1012 893 1213 963 multifariam
1245 898 1399 966 averbis
1427 909 1457 965 et
1483 901 1662 968 nominihus
1685 913 1716 968 et

251 1001 465 1069 numeralibus
487 1006 682 1084 generantur
701 995 1050 1082 partim-substantiva,
1081 1000 1195 1085 partim
1219 999 1394 1079 adieetiva,
1423 1003 1533 1088 partim
1557 1005 1715 1091 ambigna,
1799 993 1802 1000 ¹

252 1097 292 1172 de
322 1101 436 1190 quibus
459 1100 590 1168 Lobeck
615 1098 694 1186 prol.
718 1098 835 1188 pathol.
867 1119 895 1187 p.
917 1099 1118 1171 489-446
1163 1106 1192 1170 A
1215 1097 1429 1196 numeralibus
1459 1123 1540 1189 quae
1560 1107 1716 1193 proluunt

200 1276 205 1284 ,
249 1207 432 1296 plerumque
461 1203 654 1270 substantive
679 1210 852 1288 ponuntur:
884 1202 1061 1286 Aeschylus
1090 1214 1195 1272 tamen
1225 1205 1302 1272 dixit
1329 1201 1442 1290 μυριᾶς
1463 1205 1573 1288 φύσης
1594 1209 1716 1294 ἀνδρῶν

219 1379 221 1384 ,
251 1309 336 1374 Pers.
356 1310 429 1374 967.
475 1305 573 1372 Aliud
598 1323 700 1388 genus
721 1313 770 1370 est
792 1301 1089 1372 denominativorum
1117 1307 1557 1394 comprehensivorum,
1584 1330 1621 1376 ex
1645 1315 1714 1397 qui·

252 1409 312 1476 bus
326 1407 501 1494 Aeschylus
520 1405 653 1490 φυλλάς,
677 1403 792 1490 osseis,
813 1406 903 1492 νιφὰς
925 1417 956 1474 et
977 1408 1043 1474 alia
1056 1410 1208 1476 nonnulla
1219 1412 1358 1496 recepit,
1379 1408 1478 1497 λιθᾴ
1486 1437 1502 1486 ς
1525 1410 1591 1498 Spt
1608 1411 1674 1477 144
1689 1434 1717 1481 e.

251 1514 392 1594 lapidum
416 1515 508 1593 copia
530 1510 598 1595 ipse
619 1506 713 1576 linxit.
756 1507 846 1588 Quae
860 1521 993 1587 restant,
1020 1509 1177 1578 adientiva
1192 1521 1261 1577 sunt
1276 1511 1355 1578 nihil
1368 1513 1476 1578 feres
1489 1512 1713 1598 primitivorum

252 1633 347 1680 seusu
373 1623 507 1681 remota:
543 1606 691 1700 ῥοθιὰς
720 1610 806 1693 κώπη
829 1612 862 1692 Ρ,
883 1613 947 1678 391
969 1618 1157 1696 strophoso,
1187 1611 1334 1698 κρεμᾶς
1362 1621 1415 1682 καὶ
1443 1611 1588 1699 romule
1613 1621 1714 1705 πέτρα
1757 1676 1761 1688 ,

179 1797 182 1802 ¹
227 1713 326 1803 'Sua
348 1716 414 1782 764
437 1725 467 1782 et
488 1715 553 1781 765
578 1735 620 1791 a,
651 1734 781 1800 quorum
807 1726 968 1801 utrumque
998 1714 1072 1801 quid
1103 1719 1143 1781 sit
1174 1726 1316 1803 apertum
1346 1727 1408 1796 est,
1446 1715 1503 1783 sed
1530 1718 1647 1802 κρεμάς
1673 1720 1714 1786 ad
1795 1763 1798 1769 -

248 1811 378 1886 verbum
401 1817 525 1906 κρεμάω
543 1819 673 1905 propius
696 1837 788 1904 quam
811 1818 853 1883 ad
875 1816 969 1883 ullum
992 1834 1106 1881 nomen
1128 1817 1260 1884 accedit.
1307 1819 1457 1897 Πανιὰς
1479 1814 1555 1885 αἶσα
1576 1819 1615 1886 fr.
1642 1824 1713 1900 163,

249 1919 336 1990 Phot.
359 1942 387 2007 p.
409 1922 483 1997 377,
510 1923 552 1986 17
571 1917 634 1986 dud
654 1925 710 1990 τοῦ
730 1921 856 1997 Πανόςε
886 1917 1040 2006 siquidem
1061 1919 1269 2004 Aeschyleum
1292 1933 1348 1987 est

351 2021 505 2089 Neutra
535 2021 678 2090 realia
706 2022 869 2090 afferenda
899 2033 971 2088 suot
999 2021 1061 2088 duo
1089 2021 1366 2107 murmuriosus
1393 2024 1481 2093 Pers.
1509 2025 1553 2088 76
1575 2043 1602 2090 o.
1633 2045 1712 2108 urea
1782 2054 1787 2062 ·
1884 2069 1885 2076 κ

236 2122 497 2209 ·parasynthet0n
524 2145 544 2191 a
570 2127 750 2213 ποιμάνωρ,
783 2136 813 2192 et
840 2134 1074 2208 θωρακεῖον
1106 2123 1172 2210 Spt.
1203 2125 1255 2190 52.
1286 2127 1307 2191 i.
1328 2145 1379 2211 qu.
1410 2127 1555 2210 ἔπαλξις,
1586 2147 1712 2195 summa

246 2243 326 2307 pars
347 2243 441 2290 mure.

251 2383 257 2392 .
350 2325 483 2392 Restant
512 2327 729 2394 abstracta
754 2323 1024 2392 terminationibus
1047 2324 1180 2390 neutrali
1202 2312 1246 2402 ἶς’
1263 2323 1317 2408 (de
1335 2346 1396 2412 qua
1412 2325 1556 2409 diximus)
1578 2338 1609 2395 et
1622 2329 1711 2396 lemi-

249 2427 333 2494 niuis
350 2415 399 2506 ι’ᾱ,
414 2416 486 2512 sua,
507 2415 601 2516 ἦῆ,
632 2416 792 2514 M
814 2437 932 2496 notata.
975 2426 1022 2493 Ex
1044 2425 1157 2512 quibus
1179 2448 1271 2514 quum
1292 2427 1374 2496 duae
1395 2439 1573 2517 postremae
1595 2449 1711 2499 recen·

247 2531 346 2599 tiores
369 2534 431 2600 rint
453 2543 485 2598 et
504 2532 672 2620 pedestres
693 2569 736 2582 ·-·
756 2549 831 2598 nam
847 2549 953 2617 pauca
972 2549 1021 2607 ea,
1044 2549 1127 2616 quae
1148 2529 1299 2598 Homerus
1316 2530 1410 2598 hahet
1431 2535 1465 2601 in
1485 2521 1566 2613 ὂῖηἷ
1575 2537 1628 2601 vix
1641 2548 1712 2602 suut

248 2632 427 2711 abstracta,
449 2635 535 2702 velut
556 2635 682 2719 φιλότης
703 2669 746 2680 -
769 2633 810 2697 ab
821 2630 979 2716 Aeschylo
1004 2652 1068 2699 nou
1082 2631 1252 2716 adoptatae
1273 2642 1344 2699 sunt
1365 2633 1426 2699 nisi
1448 2636 1481 2700 in
1502 2634 1709 2719 πἠμοσύνη

248 2735 298 2803 Pr.
317 2736 383 2804 ⁵78
405 2756 449 2813 a,
471 2758 501 2804 v.
518 2737 603 2802 1662
626 2757 678 2805 an.
701 2739 844 2807 miseria,
869 2733 953 2821 quod
974 2731 1178 2802 derivandum
1202 2752 1222 2798 a
1242 2739 1348 2818 πῆμα,
1368 2736 1433 2804 vid.
1454 2735 1586 2804 Lobeolr
1607 2738 1710 2825 paral.

248 2857 281 2925 p.
301 2835 376 2903 4⁵2.
420 2836 455 2902 ln
475 2840 659 2922 ,universum
686 2857 860 2927 paronyma
887 2837 1048 2902 abstracta
1072 2845 1126 2902 aut
1149 2835 1303 2902 audacter
1324 2836 1509 2904 derivantur
1539 2848 1592 2906 aut
1623 2852 1709 2908 uerte

250 2939 291 3006 ob
310 2958 508 3007 numerosam
529 2960 705 3008 mensuram
726 2938 915 3028 spectabilia
934 2949 1018 3006 sunt:
1045 2937 1237 3024 Ἀκρωνία
1257 2936 1342 3006 Eum.
1364 2936 1429 3005 187
1449 2940 1489 3006 ab
1507 2939 1620 3024 ἆκρῶν,
1639 2943 1660 3007 i.
1677 2964 1706 3030 q.

249 3038 520 3128 α’κρωτηριασμός,
546 3043 712 3123 *deuito
733 3043 770 3108 ir.
795 3043 816 3108 8
837 3042 919 3129 quod
939 3041 1096 3107 Pindarus
1119 3060 1243 3126 quoque
1263 3039 1350 3108 linxit
1369 3039 1457 3108 Nem.
1477 3042 1513 3119 8,
1537 3041 1590 3109 18.
1612 3043 1707 3129 *ἅμ-

248 3149 398 3213 ainata
422 3143 473 3212 Pr.
497 3145 562 3211 560
583 3165 633 3211 an.
659 3157 824 3232 peccatum
846 3143 919 3210 Eur.
942 3141 1032 3232 Hipp.
1054 3143 1119 3209 832
1148 3141 1238 3209 Pind.
1269 3139 1371 3210 lsthm.
1399 3144 1436 3222 5,
1459 3143 1512 3212 29.
1542 3142 1576 3212 P.
1598 3147 1635 3224 3,
1663 3150 1704 3214 13

249 3239 300 3312 01.
320 3243 358 3325 7,
380 3247 438 3326 24,
461 3247 631 3333 *ἀχηνία
653 3249 712 3334 Ag.
735 3247 801 3314 466
816 3267 843 3313 c.
868 3243 944 3313 (tho.
967 3246 1032 3312 298
1053 3247 1151 3312 Arist.
1172 3245 1209 3312 ir.
1231 3248 1273 3311 71
1294 3256 1413 3329 euestus
1437 3243 1562 3331 (ἀχήν),
1591 3248 1706 3318 *edu-

247 3355 313 3419 dia
336 3351 374 3417 ir.
393 3349 437 3417 46
458 3355 578 3417 itineris
599 3353 796 3437 prosperitas
817 3348 878 3415 Av.
902 3347 982 3415 Rau.
998 3349 1084 3415 1528
1106 3353 1158 3430 (er
1176 3347 1197 3416 l.
1219 3345 1345 3428 Aesoh.)
1367 3345 1422 3434 Ep.
1442 3347 1484 3414 ad
1505 3347 1583 3416 Phil.
1605 3348 1641 3430 4,
1663 3351 1704 3432 2.,
1840 3354 1846 3367 “

248 3458 427 3536 deserte
455 3452 530 3539 Sup.
551 3452 617 3517 826
640 3471 666 3518 o.
696 3453 730 3518 id
752 3452 820 3520 sere
850 3449 935 3537 quod
961 3450 1088 3535 βάθρον
1116 3471 1218 3517 sensui
1234 3461 1338 3517 tamen
1358 3449 1464 3538 paullo
1485 3449 1703 3535 abstractione,

248 3559 484 3639 χειρωναξία
502 3554 553 3624 Pr.
573 3553 626 3620 45.
647 3553 723 3621 (llis.
748 3551 828 3631 749,
856 3556 1073 3640 §oloveris
1094 3553 1144 3622 Pr.
1166 3553 1232 3618 452
1255 3549 1340 3640 quod
1360 3551 1472 3617 Pollux
1497 3549 1622 3622 damnat
1638 3557 1703 3638 Vll,

249 3657 330 3733 161,
360 3657 648 3745 *ὀλιγοδρανία
668 3655 773 3732 darec
793 3654 842 3722 l'r.
867 3655 933 3722 546
955 3676 982 3724 o.
1003 3654 1127 3724 atinde
1148 3656 1237 3724 dnth
1256 3655 1325 3722 Pal.
1339 3653 1383 3730 a,
1403 3652 1483 3733 286,
1505 3657 1544 3735 8,
1576 3661 1701 3735 inertia,

248 3769 447 3842 κιακουχία
485 3759 549 3846 Spt.
575 3757 643 3825 649
672 3769 774 3827 status
802 3761 932 3843 infolio,
970 3763 1169 3826 dornella
1205 3761 1266 3843 Ag.
1294 3755 1362 3822 5³5
1395 3775 1507 3841 moves
1540 3763 1700 3836 excubiae,

247 3869 562 3946 λαμπτηρουχία
590 3862 651 3948 Ag.
672 3863 739 3929 8³7
765 3859 952 3929 vocabulum
980 3867 1254 3945 αλαμπτηροῢχος
1284 3857 1381 3946 (quod
1399 3877 1463 3926 non
1488 3867 1617 3939 exstat),
1647 3879 1703 3926 eu·

138 4047 144 4056 .
247 3959 319 4030 (lem
345 3965 469 4032 rationo
499 3961 663 4032 deductum
693 3983 757 4052 qua
783 3967 1005 4048 λαμπαδουχία
1039 3981 1060 4029 a
1093 3965 1331 4048 λαμπαδοῦχοςε
1364 3959 1422 4028 sed
1451 3959 1706 4049 dyaououyt'u

247 4063 325 4152 Suu.
343 4065 410 4134 786
427 4067 532 4132 lorum
553 4063 716 4152 designem
744 4066 917 4151 deuotis
947 4061 1025 4130 (ibo.
1050 4063 1117 4132 ⁵92
1134 4085 1160 4133 a
1185 4065 1439 4139 contubernium,
1469 4063 1545 4152 Opp.
1567 4063 1643 4150 (lyn.
1663 4061 1702 4144 ll,

246 4163 326 4247 829,
349 4176 550 4258 inundetur
571 4167 649 4238 Gho.
675 4169 754 4247 746,
784 4165 1110 4256 δημηλασίαδιιρ.
1129 4169 1155 4236 6
1175 4185 1241 4246 am,
1268 4169 1492 4330 φυξὲζορία
1512 4163 1587 4254 Sup.
1607 4167 1630 4235 8
1651 4187 1700 4234 an.
