3998 4950
436 501 466 552 s.
502 481 576 554 Ubi
605 481 816 552 menbrum
844 485 1102 572 praecedens
1132 485 1383 556 adieetivunr
1414 498 1484 558 est.

325 655 384 721 Hic
414 657 587 743 tripartitus
615 653 694 722 ordo
725 665 784 724 est
839 625 962 725 Etenim
993 678 1084 743 quum
1113 660 1146 724 in
1179 657 1338 746 plerisque
1371 658 1571 748 praecedens
1600 679 1693 725 menr-

225 761 315 830 brum
344 778 409 824 non
436 759 531 827 aliter
556 759 658 845 possit
687 779 780 846 quam
818 757 1045 828 adverbialiter
1074 762 1154 828 verti
1192 764 1313 828 etiamsi
1343 762 1538 848 subsequens
1567 763 1611 828 sit
1638 757 1693 825 de-

222 864 463 932 nominativumt
499 871 571 928 sunt
599 869 704 928 tamen
736 864 849 942 etiam,
887 885 1017 952 quorum
1052 862 1211 930 adieetiva
1238 866 1399 952 propriam
1433 861 1693 948 significationem

222 967 482 1034 conservaverint
510 973 542 1029 et
569 964 603 1028 in
634 968 863 1052 compositione
886 964 1019 1034 eundern
1041 987 1165 1032 sensum
1189 964 1328 1032 habeant
1355 968 1406 1051 qui
1429 965 1543 1032 suisset
1565 968 1692 1053 apposi-

222 1083 331 1140 torum.
375 1066 464 1134 Haeo
487 1065 677 1154 copulativis
704 1067 786 1136 adeo
807 1072 952 1158 proxima
973 1080 1059 1146 sunt,
1083 1079 1115 1136 ut
1135 1089 1155 1134 a
1178 1065 1342 1134 Lobeolsio
1367 1067 1467 1154 paral.
1492 1090 1520 1156 p.
1540 1069 1607 1133 267
1631 1088 1691 1132 uno

221 1195 289 1256 tum
313 1171 376 1236 illis
397 1172 530 1236 termino
552 1169 860 1237 circumscribantur.
896 1170 963 1238 Sed
983 1171 1021 1237 de
1044 1169 1181 1254 singulis
1203 1171 1350 1237 cautione
1374 1188 1452 1255 opus
1474 1181 1536 1248 est,
1557 1190 1597 1236 ne
1621 1190 1693 1254 syu—
1773 1197 1778 1206 “

220 1283 304 1343 theta
331 1273 508 1340 habeantur
537 1290 594 1358 pro
624 1271 808 1356 parathetis.
852 1271 903 1338 Ab
926 1271 1116 1352 indubitatis,
1134 1273 1294 1358 incipiam.
1344 1270 1521 1356 Aeschylus
1549 1260 1693 1356 quamsi
1749 1349 1764 1374 .

220 1375 319 1460 πάτερ
345 1374 567 1459 αἰνόπατερ
586 1373 605 1437 1.
622 1392 649 1438 0.
674 1367 761 1448 οἶνός
780 1373 882 1457 πατήρ
906 1373 981 1442 Cho.
995 1376 1061 1440 312
1077 1394 1103 1441 0.
1127 1374 1259 1460 lingeret
1280 1386 1390 1442 contra
1410 1373 1575 1459 vulgarem
1596 1389 1691 1454 regu-

136 1513 138 1516 ·
222 1481 286 1548 lam
315 1475 495 1560 αἰνοπότωρ
528 1483 710 1562 poscentem
743 1473 956 1558 (Homericum
993 1476 1070 1543 illud
1098 1485 1193 1562 μῆτερ
1226 1473 1285 1560 ἐμή
1312 1476 1464 1560 δύσμητερ
1501 1482 1626 1538 secutus
1663 1480 1693 1536 et
1755 1530 1761 1541 ,

221 1584 394 1659 licentiam,
428 1597 520 1666 quam
542 1596 620 1664 prae
644 1577 757 1642 ceteris
781 1597 801 1644 a
822 1577 923 1646 Musis
947 1593 1131 1670 acceperat,
1155 1591 1187 1648 ιιι
1207 1578 1304 1646 exilia
1327 1577 1497 1663 analogiae
1517 1583 1692 1662 praecepta
1770 1593 1774 1613 ι

219 1703 381 1773 generose
412 1691 611 1749 contemnere
639 1686 776 1770 possed:
811 1684 895 1749 viam
927 1687 1068 1774 aperuit,
1101 1697 1132 1752 ut
1151 1682 1270 1750 iudicat
1289 1679 1423 1748 Lobeok
1447 1678 1540 1766 paral
1563 1699 1591 1766 p.
1615 1679 1690 1753 273,

218 1786 363 1878 Euripidi
385 1781 562 1868 (αἰνόπαρις
584 1781 766 1866 αἰνόγαμος)
791 1795 820 1850 ει
843 1785 933 1862 aliis,
957 1806 1086 1871 qaorum
1111 1787 1281 1852 imitatoria
1303 1782 1460 1870 plasmata
1483 1804 1520 1848 en
1542 1782 1604 1849 hoo
1627 1801 1689 1847 uno

220 1888 362 1978 exemplu
394 1886 688 1952 6611010111.Γο00
695 1884 939 2012 πρωτόμαντις
968 1885 1057 1954 Ειιιιι.
1078 1889 1100 1952 2
1129 1887 1208 1953 nihil
1241 1895 1289 1951 est
1318 1905 1411 1971 quam
1440 1884 1545 1972 πρώτη
1566 1883 1688 1970 μόντις,

217 2013 320 2084 neque
343 1989 436 2056 aliter
463 1986 627 2069 πεύθομαι
658 1983 916 2074 αότόμαρτνς
945 1987 987 2056 o'r'v
1016 1991 1075 2074 Ag
1098 1975 1226 2056 9560.
1241 1999 1271 2055 et
1298 1985 1372 2055 τάδ’
1394 1989 1596 2070 αότόόηλοι
1620 1987 1688 2109 Spt.

219 2097 330 2172 8280.
357 2100 387 2158 et
411 2081 789 2171 κελαινόβρωτον
769 2115 854 2176 ηπαρ
877 2089 928 2159 Pr
953 2093 1039 2159 1029
1061 2091 1198 2180 intelligi
1219 2101 1349 2177 possunt
1373 2111 1464 2176 quam
1492 2089 1584 2168 αότός
1604 2089 1687 2173 μόρ-Ι

219 2226 273 2276 τις
301 2207 332 2261 01
360 2185 438 2258 eisd
462 2196 538 2268 δῆλα
567 2199 597 2256 et
627 2187 768 2256 κελαινόν
788 2198 839 2256 καὶ
863 2191 1032 2276 βρώσιμον.
1076 2193 1186 2280 Neque
1209 2189 1316 2259 dubito
1338 2189 1376 2256 de
1399 2191 1487 2258 πόλιν
1514 2192 1688 2258 νεόπτο-

218 2312 278 2372 tto
307 2292 548 2379 ἀντεπύργωσαν
575 2291 645 2359 τότε
674 2287 759 2356 Eum.
782 2291 847 2356 683
876 2294 950 2380 quin
980 2293 1136 2380 significet
1155 2313 1274 2382 novom
1294 2295 1419 2370 atheum
1451 2292 1572 2359 videtur
1594 2294 1688 2358 etiam

217 2400 504 2490 μονόφρουρον
533 2393 622 2480 ἕρκος
644 2393 704 2477 Ag.
726 2391 791 2458 242
811 2413 836 2460 0.
862 2400 991 2462 amioum
1021 2407 1049 2462 et
1075 2399 1251 2462 costodiens
1274 2415 1355 2463 esse.
1408 2397 1550 2481 Denique
1578 2392 1685 2482 aliquo

218 2511 287 2578 iure
309 2499 553 2585 θεομήστωρ
575 2495 662 2562 Pers
682 2495 748 2562 657
770 2515 787 2560 0
829 2497 987 2584 epitheton
1009 2497 1117 2577 Darii,
1147 2517 1207 2586 quo
1237 2497 1365 2584 phrasis
1384 2497 1554 2565 Homerica
1574 2497 1687 2581 θεόφιν

217 2609 345 2694 μήστωρ
373 2601 543 2676 ότόιοντος
574 2595 759 2684 conpendio
785 2596 940 2675 redditur,
969 2598 1051 2666 solvi
1072 2602 1173 2686 possit
1201 2606 1291 2674 θεῖος
1310 2599 1438 2682 μήστωρ
1465 2599 1516 2667 vel
1537 2595 1613 2676 θεός
1635 2605 1688 2666 καὶ

222 2712 368 2798 μήστωρε
395 2711 539 2793 praestat
566 2708 671 2764 tamen
697 2695 878 2782 intelligere
900 2697 1029 2786 μήστωρ
1052 2701 1181 2768 asoti.
1206 2720 1233 2766 0.
1255 2699 1385 2767 deorum
1405 2701 1574 2768 voluntate.
1621 2700 1687 2766 Sed

218 2810 424 2883 ἱππιάνακτας
449 2804 537 2869 Pers.
565 2801 631 2866 967
662 2820 688 2868 0
719 2799 803 2887 quod
829 2799 1031 2869 Blomtieldus
1057 2803 1187 2890 putabat
1216 2798 1300 2868 idem
1329 2823 1400 2870 esse
1432 2801 1687 2882 001ππιίόναξ
1714 2817 1716 2821 ·

219 2912 373 2979 Πόσειδον
394 2909 449 2974 Ar.
473 2904 552 2992 Equ.
576 2905 657 2987 551,
686 2913 717 2969 et
740 2903 1008 2987 οἷοβοόκολος
1031 2904 1192 2986 πανόπτης
1213 2903 1288 2993 Sup.
1309 2906 1391 2984 289,
1414 2905 1516 2994 quod
1523 2905 1684 2974 Wellaue-

218 3034 272 3081 rus
295 3015 517 3097 interpretatur
544 3018 658 3092 postor
682 3009 864 3082 solitarios,
891 3027 911 3073 a
934 3005 1100 3074 Lobeokro
1121 3001 1223 3095 paral
1244 3029 1272 3096 p
1295 3009 1361 3073 287
1381 3019 1410 3074 et
1430 3011 1494 3072 373
1518 3009 1685 3075 obiectivis

217 3115 377 3190 vindicata
399 3123 479 3182 sunt
525 3108 716 3194 Significant
739 3119 843 3176 autem
867 3113 1027 3199 dominum
1055 3130 1207 3192 equorruo
1238 3114 1304 3196 (qui
1327 3111 1409 3178 talias
1437 3110 1581 3188 ἱππόναξ
1603 3109 1683 3220 dioi-

216 3226 276 3300 tur)
303 3228 332 3286 et
350 3226 517 3301 pastorem
539 3215 636 3278 orsitus
662 3231 786 3280 000000.

318 3348 446 3414 Exactis
475 3362 558 3429 quae
589 3342 768 3429 copulativa
801 3353 853 3410 aut
883 3353 973 3410 erant
1007 3353 1061 3408 ant
1091 3343 1280 3430 putabantur
1308 3348 1421 3410 transit
1448 3343 1618 3432 disputatio
1642 3342 1688 3410 ad

217 3474 275 3533 ea,
315 3469 397 3538 quae
428 3465 465 3512 ex
502 3444 660 3512 adieetivo
690 3443 869 3512 adverbiali
901 3455 931 3510 et
969 3443 1203 3512 denominativo
1234 3457 1388 3515 constant.
1441 3446 1580 3524 Quorum
1606 3466 1685 3513 non·

216 3555 306 3622 solla
322 3549 584 3638 significationem
604 3549 795 3634 possessivis
815 3545 983 3614 admodum
1004 3550 1141 3615 vicinam
1163 3548 1298 3626 labent,
1321 3551 1383 3615 nisi
1404 3559 1551 3614 accurate
1573 3547 1684 3616 distin-

217 3675 299 3742 guas
326 3654 361 3722 τό
391 3654 473 3738 ἔχειν
504 3662 536 3718 ei
562 3646 597 3716 τό
624 3656 793 3736 παρόχειντ
822 3650 903 3719 velot
925 3658 1021 3717 πνοαὶ
1047 3651 1299 3736 κακόσχολοι
1321 3653 1383 3736 Ag.
1409 3653 1472 3716 180
1494 3669 1540 3728 0.,
1572 3661 1602 3716 ut
1622 3651 1684 3716 hott

218 3757 360 3845 exemplo
391 3768 477 3835 utar,
509 3763 613 3842 potest
639 3752 819 3838 significare
850 3751 905 3828 τός
934 3751 1028 3833 κακήν
1057 3751 1173 3838 σχολήν
1200 3751 1333 3835 &potione
1362 3758 1383 3821 i.
1412 3774 1439 3819 e.
1467 3755 1664 3840 παρεχούσας
1672 3777 1684 3830 ;

216 3863 319 3949 aptius
344 3870 448 3925 tamen
468 3860 548 3926 verti
570 3866 644 3944 puto
673 3859 812 3940 infausto
833 3857 1043 3922 retardantes.
1086 3853 1321 3940 Βαρόιιιιιος
1350 3854 1445 3922 ποινό
1468 3857 1545 3925 (tiro.
1565 3855 1631 3922 924
1654 3876 1684 3922 0.

135 4011 139 4018 -
215 3965 478 4047 praestatores,
502 3958 789 4042 *πολόθρηνος
809 3958 904 4039 όμνος
923 3957 984 4042 Ag.
1008 3959 1074 4024 686
1096 3977 1122 4025 o.
1149 3955 1312 4024 01010688
1336 3977 1362 4025 0.
1399 3957 1500 4026 Noun.
1522 3958 1566 4026 10.
1594 3978 1621 4026 0.
1639 3961 1683 4026 ll

215 4064 291 4134 Lae.
315 4063 404 4132 Halo.
429 4066 447 4130 l
470 4061 585 4132 iliam.
606 4081 640 4146 p.
656 4061 722 4128 886
741 4063 874 4128 multone
896 4063 1040 4146 defletus,
1064 4066 1187 4146 πρᾶγος
1207 4059 1399 4130 νεόκοτον
1421 4059 1487 4146 Spt.
1510 4060 1575 4126 784
1597 4060 1682 4148 qaod

214 4171 459 4256 interpretantur
489 4185 609 4233 novom
637 4163 792 4228 exsdnota
815 4164 945 4260 notiotre
976 4162 1139 4229 irascendi
1164 4171 1195 4232 ut
1218 4165 1251 4230 in
1281 4172 1469 4247 παλίντονος
1495 4172 1526 4230 et
1552 4161 1682 4234 ἀλλόκο-
