3998 4950
272 386 318 454 66

261 570 334 638 -uel
357 566 474 645 verbo,
496 576 529 631 ut
549 563 829 648 ἄστιδρομοιμὲνα
850 562 939 638 πόλις
962 559 1027 650 Spt.
1047 562 1113 629 204
1136 580 1179 640 α,
1202 559 1394 630 inevitabilis
1411 563 1490 628 lere
1505 571 1535 628 ot
1559 569 1645 627 certe
1666 559 1743 628 tole-

278 669 394 740 rabilis
414 667 530 736 evadit.
550 671 591 740 ὲ,
634 664 892 750 Breviloqueutia
916 683 992 730 vero
1014 666 1047 730 iu
1068 685 1107 730 oo
1128 666 1234 752 posita
1257 675 1319 741 est,
1347 673 1377 729 ut
1403 665 1600 733 substantivo
1624 664 1746 751 aliquid

278 795 336 862 per
352 773 540 839 adiectivum
557 771 761 857 compositum
777 765 979 844 attribuatur,
1003 765 1087 852 quod
1104 761 1170 833 uou'
1184 764 1488 846 debeatadieetivo,
1514 765 1571 834 sed
1586 767 1744 852 gerundia

279 876 369 946 verbi
399 857 429 942 et
452 893 529 939 casu
551 872 685 938 uomiuis
708 870 790 934 dici:
823 872 975 953 quocirca
995 868 1078 934 hauc
1105 872 1313 953 permodicam
1334 872 1561 934 adiectiooram
1583 875 1743 954 sipniptca-

281 985 400 1047 tioaem
423 973 621 1060 nuncupabo.
665 969 755 1048 Patet
776 971 837 1036 hoc
855 971 1005 1058 loquendi
1030 992 1132 1056 gcuus
1153 971 1279 1039 uersari
1300 974 1334 1035 iu
1360 955 1565 1046 substauti'vis
1588 991 1670 1058 quae
1686 993 1743 1039 vo-

281 1091 394 1148 cautur
424 1077 588 1152 relativis3-
618 1073 696 1156 ἔρως
723 1073 950 1158 αἱματολοιχός
977 1075 1039 1160 Ag.
1061 1073 1147 1140 1446
1180 1094 1207 1139 c.
1236 1077 1349 1157 cupido
1375 1077 1562 1162 saopaiaem
1591 1077 1748 1139 lambardi

280 1185 317 1266 (ί.
338 1186 394 1248 τοῦ
414 1185 525 1262 λείχειν
545 1171 654 1260 αἷμα),
685 1173 852 1252 τοξουλκὸν
878 1180 959 1260 λῆμα
989 1175 1024 1242 Ρ.
1046 1178 1104 1254 56,
1135 1174 1316 1261 δεμνιοτήρη
1343 1174 1441 1242 πόνον
1470 1176 1532 1262 Ag.
1555 1176 1598 1240 53
1621 1195 1671 1242 au.
1700 1179 1745 1257 (iu

281 1305 343 1373 quo
371 1279 580 1364 metonymice
606 1287 714 1364 tropus
740 1278 886 1360 aceedit).
935 1276 994 1343 His
1018 1299 1146 1366 prorsus
1175 1277 1292 1350 similia
1320 1287 1351 1343 et
1368 1287 1483 1344 'tamen
1513 1277 1743 1364 quodammodo

280 1389 427 1476 op'posita
449 1392 519 1448 suut
550 1401 604 1458 ea,
635 1384 716 1466 qu'ae
742 1383 771 1444 si
791 1379 873 1446 uelis
894 1379 1034 1458 solvere,
1055 1401 1118 1448 uou
1144 1378 1264 1446 debeas
1288 1383 1459 1465 genitivum
1482 1381 1570 1446 verbi
1596 1393 1627 1446 et
1650 1399 1746 1446 acou-
1790 1409 1830 1470 .'
1954 1441 1958 1450 .

281 1492 413 1557 sativum
432 1484 568 1552 nominis
589 1503 607 1548 e
630 1485 801 1570 composito
822 1481 1003 1561 extrahere,
1030 1482 1088 1548 sed
1113 1482 1255 1570 suppleto
1271 1483 1498 1549 infinitivoiroa
1518 1477 1596 1548 εἶναι
1618 1481 1669 1548 vel
1692 1487 1747 1549 roi

280 1595 431 1679 γενέσθαι
452 1591 608 1670 integrum
633 1587 835 1671 compositum
854 1604 974 1671 pouerc
996 1587 1189 1651 nominativo
1210 1583 1357 1650 subiecti:
1380 1580 1471 1650 αὗται
1492 1585 1525 1651 ‹l'
1545 1584 1744 1667 ἔχουσιμοϊ-

281 1720 340 1780 ραν
366 1689 421 1759 οὗιι
445 1690 635 1772 εὐπέμπελον
665 1686 752 1753 Eum.
772 1685 838 1752 468
865 1689 885 1753 i.
910 1706 955 1765 a,
980 1715 1012 1770 μ.
1041 1692 1097 1752 τοῦ
1118 1683 1198 1754 εἶναι
1220 1686 1278 1756 ανίι
1301 1687 1503 1771 senipetam,
1535 1689 1747 1752 conditionem

283 1815 352 1862 eam
372 1805 408 1859 at
431 1813 498 1857 aom
523 1795 616 1876 facile
636 1791 852 1874 repellantur,¹
882 1809 1011 1875 prorsus
1040 1790 1157 1855 similia
1190 1790 1442 1876 ἀμοχρημάιοισι
1465 1795 1590 1874 ζημίαις
1611 1788 1746 1873 ταυρού-

281 1921 374 1982 μενος
398 1893 475 1960 Cho.
498 1893 563 1958 272
582 1896 602 1960 i.
620 1914 666 1974 e.;
697 1895 816 1975 ζημίαις
836 1898 891 1958 τοῦ
912 1892 1329 1978 γενέσθαι“ιίσοχρῆματος,
1355 1887 1617 1974 ἀδαμαντοδέτοις
1636 1894 1745 1975 λύμαις
1832 1889 1838 1896 ’

282 1998 336 2077 Pr.
359 1997 425 2062 426
453 2015 495 2074 a,
524 1995 723 2080 παιδότρωτα
749 1992 856 2058 πάθεα
883 1992 969 2059 Eum.
991 1993 1057 2059 489
1087 2014 1130 2072 a,
1161 1995 1223 2060 ὅσα
1249 1991 1461 2074 θυμοιιληθῆς
1484 2001 1536 2060 καὶ
1558 2002 1746 2082 δορίμαργος
1846 2047 1849 2050 .

283 2100 351 2188 Spt.
374 2100 440 2164 667
462 2119 507 2176 a,
532 2098 663 2183 θανάτῳ
691 2094 880 2180 ξιφοδηλήτῳ
910 2094 972 2179 Ag.
995 2093 1080 2161 1465
1110 2114 1161 2161 au.
1187 2146 1190 2152 ⁷
1211 2096 1344 2162 Accedit
1370 2100 1465 2163 tertia
1493 2097 1633 2186 species,
1665 2109 1747 2182 quae

282 2222 347 2270 uou
371 2203 510 2288 genitivo
534 2199 679 2284 gerardii
699 2198 758 2264 sed
782 2196 920 2277 ablativo
944 2197 1009 2279 (vel
1037 2196 1157 2276 dativo)
1184 2199 1341 2281 redditur,
1371 2203 1547 2287 participiis
1570 2206 1674 2286 saetas
1688 2197 1749 2268 ‘vel

282 2304 373 2391 γενό
379 2330 500 2388 μενος
519 2299 685 2368 facilitatis
709 2319 809 2366 causa
829 2297 964 2367 additis:
988 2300 1282 2387 παρθενοσφάγοισι
1306 2301 1450 2387 ῥεέθροις
1473 2305 1533 2388 Ag.
1549 2303 1612 2369 196
1627 2322 1654 2370 c.
1676 2306 1697 2369 i.
1711 2323 1748 2381 a,

285 2407 313 2490 ῥ’.
334 2411 511 2489 γενομένοις
534 2411 581 2487 τῷ
600 2401 746 2484 σφάττειν
768 2397 823 2476 τήν
846 2401 1024 2484 adoletur,
1058 2403 1157 2489 παρός
1181 2399 1263 2486 πηγή
1286 2407 1590 2491 ναρθηκοπλήρωιας
1612 2406 1661 2472 Pr.
1687 2407 1751 2470 169

283 2513 433 2594 [lammae
453 2509 527 2591 foas
551 2507 605 2586 pai
627 2506 732 2588 factas
757 2511 802 2565 est
825 2505 1015 2566 arundinem
1035 2505 1200 2585 replendo,
1224 2508 1422 2587 δυσκύμαντα
1445 2505 1562 2591 ὠρώρει
1585 2507 1665 2572 κακά
1685 2509 1749 2592 Ag.

284 2599 534 2676 'lii-lemmatum
560 2607 725 2671 calamitas
749 2621 831 2687 qaae
856 2607 1023 2684 coartabat
1045 2608 1425 2690 poetarumpoetartum
1457 2609 1569 2694 quibus
1592 2609 1633 2674 ci.
1655 2616 1749 2696 δορυ-

285 2712 435 2793 talpona
454 2715 579 2793 μοχθαὶ
603 2710 734 2772 Δαναῶν
758 2705 797 2772 fr.
821 2707 899 2782 133,
931 2706 1007 2773 Cho.
1031 2706 1132 2784 1665,
1165 2707 1226 2790 Ag.
1251 2705 1353 2785 1486,
1385 2719 1416 2773 el
1438 2708 1651 2776 difficillimum
1672 2713 1766 2779 illud-

287 2817 466 2894 ξενοτίμοιις
488 2809 637 2892 caparae
660 2805 851 2892 ἐαὶστροφὰς
873 2808 1035 2891 claritateac
1057 2835 1106 2885 τις
1128 2809 1208 2874 ἔσται
1231 2807 1319 2874 Eum.
1341 2811 1407 2877 536
1432 2831 1475 2888 cat
1501 2827 1666 2881 veneretur
1688 2819 1748 2882 ati-

286 2918 355 2996 pta's
379 2915 505 2976 aedium
527 2914 745 2992 commercium
766 2909 819 2975 vel
837 2914 1097 2988 coesaetadiaes,
1117 2929 1199 2994 qaae
1221 2925 1369 2979 constaret
1390 2914 1524 2997 hospites
1550 2918 1749 2985 boaoraedo.

391 3012 459 3079 Seri
488 3017 551 3078 iam
576 3031 700 3078 manum
727 3009 767 3076 de
794 3009 914 3078 tabula.
967 3013 1055 3079 llaec
1077 3017 1158 3079 euim
1182 3015 1249 3080 lere
1271 3033 1367 3082 verae
1391 3017 1606 3104 perplexionis
1629 3041 1751 3106 genera

286 3127 374 3182 suut:
406 3126 514 3182 cetera
535 3132 617 3202 quae
638 3110 788 3200 impedita
807 3113 954 3182 videutu'r
974 3119 1183 3200 metonymiae
1207 3125 1305 3203 tropo·
1319 3117 1461 3204 expediri
1482 3131 1634 3206 poterunt.
1677 3125 1753 3193 Post

287 3216 480 3302 Aeschylum
510 3216 664 3284 uouuulla
695 3235 720 3280 a
745 3214 904 3303 Sophocle
942 3229 972 3283 et
1000 3217 1150 3306 Euripide
1181 3222 1364 3303 excogitata
1397 3237 1617 3302 accesserant,
1652 3227 1751 3294 veluti

288 3317 390 3408 (quod
409 3339 511 3404 genus
534 3317 724 3384 Ellendtium
745 3322 885 3402 vexavit)
918 3319 1075 3386 adieetiv'a
1098 3342 1136 3387 ex
1159 3321 1355 3390 substantivo
1387 3335 1417 3390 et
1438 3324 1595 3394 adiectivo
1623 3348 1750 3417 compca

288 3425 351 3488 sita
375 3433 404 3488 et
425 3421 621 3489 substantivo
646 3423 902 3501 accommodata,
926 3443 1007 3510 quae
1029 3425 1060 3489 iu
1080 3423 1230 3491 vertendo
1256 3425 1482 3506 dissolvuntur,
1507 3437 1538 3495 et
1557 3433 1601 3496 ita
1615 3433 1748 3518 quidem,

289 3534 320 3589 ut
341 3536 503 3610 utrumque
527 3522 693 3588 membrum
716 3526 857 3610 genitivo
878 3536 1028 3613 ponatur:
1060 3526 1239 3614 ἄρισιόχειρ
1262 3527 1344 3612 ripole
1366 3530 1417 3595 lli.
1439 3530 1506 3596 935
1525 3534 1545 3598 i.
1561 3553 1604 3608 a,
1627 3531 1750 3618 ὅᾶγιίν

287 3618 342 3705 τ’ἤς
367 3625 493 3709 α’ρίστης
523 3623 644 3711 χειρός,
676 3627 861 3711 μεσόμφαλα
888 3631 1113 3714 pecucunia,
1143 3641 1172 3695 et
1200 3630 1401 3717 Euripideum
1424 3645 1529 3719 χερσίν
1556 3636 1753 3720 λευκοπήχεις
1811 3675 1815 3684 ·

288 3728 422 3804 κτύπους
443 3766 484 3776 -
515 3733 598 3810 (suut
626 3728 706 3794 baec
736 3731 937 3818 possessiva,
967 3749 1073 3796 verum
1102 3751 1164 3798 rou
1189 3753 1270 3819 quae
1297 3731 1482 3802 adscribam
1504 3739 1748 3822 possessiouem,

283 3829 347 3896 sed
371 3828 485 3918 quibus
506 3829 718 3915 adscribatur)
739 3828 801 3896 '-:
833 3851 916 3898 uuuc
937 3848 1015 3898 veru
1041 3835 1074 3898 iu
1097 3833 1258 3920 Aeschylo
1278 3857 1328 3903 me
1350 3848 1456 3906 teucro
1480 3837 1576 3906 volui.

845 4175 1200 4188 -w——nnu--w—-n--u-—n-
