3998 4950
287 313 308 380 4

281 499 443 584 ’Ἁγοιος
467 519 498 566 v.
518 497 583 564 825
607 496 762 585 quomodo
784 494 952 582 legendum
978 506 1031 564 aut
1054 496 1128 583 quid
1153 496 1279 562 omnino
1305 493 1346 561 sit
1366 513 1496 582 prorsus
1519 495 1670 562 incertum
1692 504 1753 574 est;

292 602 472 670 Hermanno
492 615 577 688 γεῖος
598 599 733 690 placuit,
762 598 926 666 Lobeclric
954 603 1094 685 ye‘yaoss
1130 607 1214 665 certe
1241 607 1374 684 apparet
1398 597 1569 664 cohaerere
1594 617 1662 662 cum
1684 603 1733 680 γῆ.

394 703 497 771 Multa
517 705 611 771 etiarn
632 703 723 768 huius
746 702 882 786 generis,
896 703 1168 788 grammaticorum
1189 701 1222 766 in
1243 699 1301 766 has
1323 719 1377 766 res
1398 698 1501 767 studio
1519 702 1615 766 citata
1637 697 1676 763 ad
1697 715 1755 763 nos

291 798 518 896 pervenerunt:
547 804 782 890 ἀσχέδωρος
804 802 916 870 Sicula
936 827 998 874 vox
1019 825 1077 894 pro
1098 800 1237 888 σύαγρος
1266 802 1306 869 fr.
1330 803 1395 867 273
1422 801 1624 894 (Hermanniz
1653 818 1757 885 neque

292 907 471 976 adscribam
500 910 681 975 testimonia
711 907 985 990 grammaticorum
1008 907 1056 973 illi
1089 907 1216 988 citata),
1247 904 1298 970 eui
1320 903 1396 969 addi
1418 915 1521 991 potest
1546 903 1672 987 ἁρμοῖ
1699 903 1758 966 nt·
1829 906 1834 910 ’

291 1038 413 1095 αααμαι
435 1009 486 1077 Pr.
506 1011 571 1076 616
593 1013 687 1076 modo
708 1024 741 1078 ν.
768 1007 956 1078 Vallenarii
979 1031 1028 1098 ep.
1051 1009 1092 1076 ad
1116 1009 1194 1075 Rov.
1218 1029 1246 1094 p.
1270 1003 1322 1072 49.
1354 1014 1385 1072 K
1391 1005 1412 1071 α’
1419 1017 1515 1074 κολα
1539 1007 1576 1073 ir.
1598 1005 1661 1070 172
1682 1001 1756 1068 Hes.
1818 1096 1820 1099 .
1858 1046 1864 1054 -

292 1111 330 1180 vol
352 1117 437 1197 τείχη
463 1121 494 1178 et
519 1109 666 1196 ἤμορίς
695 1112 735 1178 fr.
759 1113 821 1176 171
850 1111 927 1180 Hes.
950 1112 1038 1196 κενή,
1063 1108 1247 1197 ἐστερημένη
1276 1107 1421 1175 videntur
1442 1108 1581 1195 Phrygia
1602 1104 1759 1174 vocabula

270 1233 423 1280 -esse-
451 1223 522 1280 sunt
556 1214 638 1280 enim
666 1233 706 1280 ex
737 1211 850 1279 fabula
870 1213 972 1282 Niobe
1002 1247 1047 1262 -
1076 1216 1138 1282 nisi
1168 1213 1252 1280 loma
1275 1210 1405 1281 alterum
1423 1212 1526 1299 potius
1551 1198 1705 1296 corruptis
1729 1214 1760 1273 et

295 1315 472 1382 obscuratis
494 1314 660 1384 vocalibus
682 1315 798 1381 dictum
818 1335 1003 1384 censeamus
1024 1335 1082 1403 pro
1108 1315 1256 1400 ἄμοιρος,
1281 1324 1315 1381 ut
1336 1313 1521 1394 κακθύλη
1553 1313 1592 1378 fr.
1613 1309 1680 1376 234
1701 1327 1759 1396 pro

294 1415 422 1497 κονδιῖλη
451 1417 536 1501 (Hes.
563 1417 619 1494 τοὶς
646 1415 830 1498 αἷνοιδῆσεις)
862 1417 1046 1504 λογγάζω
1072 1416 1111 1484 fr.
1137 1417 1203 1482 114
1221 1437 1278 1504 pro
1311 1415 1468 1500 λαγγοῖζω,
1496 1415 1694 1502 δρώπτειν
1718 1411 1734 1478 f
1751 1465 1758 1478 .

294 1520 359 1584 293
379 1539 437 1605 pro
462 1520 617 1602 δρύιιιαι,
638 1519 776 1587 fortasse
800 1525 891 1586 etiam
911 1523 1103 1604 ῑροιιῶκις
1127 1521 1166 1586 fr.
1184 1520 1253 1585 396
1276 1518 1359 1604 quod
1382 1520 1444 1588 iam
1467 1519 1507 1585 ab
1531 1517 1667 1604 antiquis
1689 1517 1759 1602 qui-

294 1620 428 1686 busdam
449 1620 629 1687 habebatur
649 1640 707 1708 pro
730 1621 899 1691 Homerica
918 1642 997 1690 voce
1017 1621 1192 1709 ἠεροφοῖτις
1212 1621 1351 1688 barbare
1374 1624 1586 1708 pronuntiata.
1631 1615 1759 1702 Av’pc·
1792 1681 1793 1694 ,

295 1719 419 1805 βάτας
439 1722 477 1790 fr.
499 1720 707 1789 299-Anecd.
726 1722 829 1792 Bekk.
857 1746 886 1812 p.
912 1722 995 1803 464,
1018 1728 1040 1792 9
1062 1723 1098 1793 ul
1121 1723 1193 1810 αὗρι
1213 1726 1358 1790 τιθέασιν
1379 1726 1431 1791 ἐπὶ
1453 1713 1509 1791 rori
1533 1723 1685 1806 ταχέως
1708 1723 1761 1784 καὶ

289 1815 417 1908 'roim
448 1822 592 1892 orlatlrrcl
621 1830 674 1906 τῆς
697 1822 795 1910 αὔρας
816 1822 995 1894 α’λλὰαιατά
1017 1854 1085 1893 τινα
1112 1823 1306 1911 βαρβαρικῆν
1326 1829 1418 1904 λέξιν.
1460 1824 1695 1910 Χαλιμαῖὃας
1720 1819 1758 1888 fr.

296 1924 364 1991 405
393 1927 431 1993 καὶ
460 1926 599 2010 Βάκχας.
654 1925 722 1992 Hoc
752 1936 858 1994 tamen
884 1926 1081 1996 Hermauous
1110 1929 1220 2005 scribit
1251 1927 1432 2013 persapienter
1461 1928 1482 1994 i.
1516 1948 1544 1994 e.
1576 1929 1760 2000 lomicestes3

298 2026 411 2124 quodsi
436 2029 497 2096 hoc
523 2038 639 2096 rectum
666 2038 729 2104 est,
764 2047 911 2112 graecum
936 2033 995 2097 erit
1017 2050 1120 2117 neque
1146 2051 1223 2099 verc
1251 2029 1431 2096 barbarum.
1468 2027 1628 2109 ’Ίτηιοι
1655 2026 1696 2091 fr.
1717 2023 1762 2090 43

296 2126 332 2197 αδ
356 2130 495 2220 ἔμμοτον
523 2137 575 2196 καὶ
601 2129 657 2196 οὐκ
677 2131 814 2211 ἐξίτηλον
842 2131 916 2212 (hoc
939 2133 1036 2216 igilur
1056 2134 1181 2200 minime
1205 2132 1246 2199 ab
1270 2133 1383 2209 ἐξιέναι
1406 2130 1638 2208 derivandum).
1688 2133 1760 2194 Δι’·

296 2257 372 2314 κρα
396 2233 469 2321 ὄψις
497 2233 535 2298 ir.
558 2232 599 2296 51
620 2231 695 2300 Hes.
719 2231 738 2312 ἧ
760 2237 850 2311 διπλῆ
875 2232 914 2300 cf.
936 2231 1070 2300 Lobeols
1088 2234 1243 2323 paral-p.
1262 2234 1315 2300 42.
1361 2235 1498 2318 Νορᾶς
1526 2257 1559 2298 ιε
1577 2237 1694 2318 Δίρκης
1720 2230 1761 2295 s.

295 2333 363 2400 ¹109
385 2334 472 2401 Phot.
499 2334 676 2422 ῥιαοιικῆς,
704 2332 892 2398 vocabulum
915 2339 1148 2421 perantiquum,
1173 2359 1202 2405 v.
1221 2337 1356 2403 Lobcclr
1379 2335 1422 2400 ad
1441 2334 1513 2400 Phr.
1535 2356 1566 2421 p.
1588 2333 1640 2400 42.
1681 2333 1761 2396 Pos-

298 2453 363 2500 sem
393 2434 485 2519 plura
517 2433 733 2511 accumulare,
760 2433 818 2499 sed
843 2442 873 2499 et
895 2433 1046 2501 babemus
1068 2437 1222 2526 pleraque
1253 2439 1386 2505 ethaeo
1409 2436 1574 2503 sufficiunt.
1624 2435 1762 2520 Apparet

178 2535 183 2544 '
299 2545 404 2602 autem
429 2535 577 2602 iudicium
608 2537 692 2623 quod
719 2544 791 2602 ante
818 2535 941 2602 tulimus
963 2538 1176 2607 confirmatum
1203 2561 1292 2622 esse;
1320 2559 1392 2607 naun
1414 2540 1442 2606 si
1463 2539 1544 2610 baec
1568 2534 1760 2602 distribuun-

302 2645 354 2702 tur
370 2637 547 2722 tragoediis
574 2648 711 2726 quotena
731 2638 866 2723 singulis
890 2642 1098 2726 contingent?
1547 2719 1552 2726 ,

394 2739 515 2805 'Altera
538 2743 681 2826 quaestio
703 2750 752 2806 est
773 2740 813 2806 de
831 2745 1002 2826 irreqolari
1026 2747 1241 2810 declinatione.
1286 2743 1377 2823 Quae
1398 2765 1490 2831 quum
1512 2739 1762 2830 dupliciterfiat,

300 2840 430 2925 primum
451 2842 479 2905 si
502 2859 629 2937 casuum
655 2843 851 2928 obliquorum
878 2844 1061 2912 nominativi
1081 2866 1145 2912 non
1164 2856 1293 2934 possunt
1314 2847 1390 2932 fingi
1420 2847 1518 2934 (quotl
1540 2863 1640 2932 genus
1665 2863 1762 2909 aoe-

303 2939 427 3027 pbala
456 2946 583 3012 vocavit
603 2944 737 3012 Lubecls
758 2945 860 3031 paral.
882 2968 912 3032 p.
936 2945 1041 3030 lle),
1066 2959 1146 3026 tum,
1176 2951 1205 3012 si
1225 2967 1334 3014 errore
1365 2949 1502 3035 quodam
1525 2968 1620 3015 casus
1645 2945 1765 3032 obliqui

303 3041 347 3108 erl
377 3044 511 3112 alienam
540 3045 783 3113 declinationem
815 3047 1018 3114 traducuntur
1054 3049 1152 3137 (quod
1184 3060 1230 3116 est
1261 3070 1361 3134 genus
1391 3050 1764 3139 metaplastorum):

185 3155 189 3160 '
300 3148 445 3212 neutrius
475 3151 605 3242 generis
633 3149 777 3236 exemplu
805 3152 838 3217 in
864 3149 1012 3237 Aeschyli
1041 3153 1158 3239 glossis
1187 3153 1369 3240 frequentia
1400 3165 1453 3221 aut
1477 3155 1656 3220 certissima
1682 3157 1764 3216 sunt.

303 3247 553 3334 Acephalum
581 3249 630 3316 ἐπ’
657 3251 791 3335 bip-ate
819 3253 930 3319 suisset
959 3256 987 3318 si
1010 3257 1134 3321 omnino
1161 3275 1323 3342 graecum.
1366 3262 1512 3342 Λογίιακ
1540 3253 1765 3340 ἐρικύμονα

304 3351 439 3433 φέρματι
455 3355 568 3436 γένναν
595 3352 678 3438 quod
698 3352 769 3421 libri
794 3353 939 3422 exhibent
959 3353 1018 3442 Ag.
1044 3357 1108 3420 115
1129 3356 1231 3424 simile
1252 3357 1385 3424 videtur.
1428 3361 1471 3424 At
1495 3361 1589 3446 quia,
1617 3356 1765 3444 quoniam

304 3451 382 3518 nulli
405 3453 625 3521 femininorum
644 3457 818 3525 accusativi
838 3461 950 3524 tertiae
971 3458 1222 3526 terminationem
1245 3446 1310 3527 οἷα
1327 3459 1461 3540 babent,
1493 3462 1564 3547 ipsa
1586 3460 1687 3526 forma
1707 3477 1780 3531 ne·.

307 3548 367 3639 qut}
389 3556 597 3626 nominativus
619 3556 719 3626 sulum
736 3578 810 3624 non.
821 3559 898 3644 fingi
912 3560 1028 3646 potuit,
1052 3558 1166 3628 dudum
1182 3561 1346 3630 Seidlerus
1360 3563 1554 3647 ἐρκκαμοὶδα,
1577 3563 1634 3628 alii
1650 3561 1766 3628 rectius

306 3654 534 3740 ἐρικύμονα
563 3671 778 3728 correxerunt.
828 3659 897 3726 Non
921 3663 1023 3727 minus
1052 3665 1306 3752 metaplasmi
1335 3667 1388 3752 qui
1411 3663 1601 3752 putabantur
1621 3684 1693 3752 esse
1715 3671 1767 3730 aut

200 3819 203 3832 q
307 3777 371 3824 nun
394 3769 542 3828 suntaut
562 3763 759 3830 emendandi.
808 3762 1036 3847 Ὑπερκόιιιοι
1064 3767 1239 3852 τιμάορα
1268 3766 1343 3853 Sup.
1359 3765 1418 3832 ,42
1442 3767 1537 3851 vulgo
1565 3766 1717 3854 putabant
1745 3781 1766 3827 a

307 3863 457 3947 τιμάορος
488 3866 606 3930 vindere
635 3864 816 3947 deductum
853 3865 908 3932 sed
932 3863 1117 3935 Lobeclrius
1139 3869 1239 3957 paral.
1265 3890 1295 3956 p.
1317 3869 1383 3938 216
1410 3889 1430 3936 a
1451 3870 1643 3936 nominativo
1670 3883 1766 3952 para-

307 3960 508 4031 scbematisto
531 3964 650 4055 κιμοὶωρ
678 3967 806 4036 luxisse
830 3969 980 4050 exemplis
1009 3969 1157 4056 χροσάαρ
1182 3981 1212 4036 et
1237 3971 1360 4058 ααιοὶωρ
1385 3971 1615 4040 demonstravit.
1663 3968 1769 4036 ’Λατί-

308 4067 402 4130 docta
431 4073 483 4134 καὶ
512 4064 617 4134 κιόνων
641 4069 858 4160 ἐκδέκτορα
888 4071 926 4138 fr.
951 4071 1016 4138 205
1048 4076 1204 4156 cotmeliu
1230 4093 1294 4158 pro
1323 4078 1420 4140 seruis
1448 4079 1561 4160 futuro
1590 4083 1618 4138 et
1642 4072 1765 4138 labores

310 4179 479 4252 accepturo
505 4170 590 4238 idem
616 4171 666 4238 uir
694 4173 825 4239 eximius
855 4194 875 4240 a
897 4176 1089 4244 nominativo
1119 4177 1323 4266 ἐκδέκιιαρ
1354 4175 1454 4245 tribus
1481 4174 1655 4261 generibus
1683 4193 1767 4243 com·
