3998 4950
325 345 369 408 28

329 528 661 594 utrum'nominativus
682 526 739 604 sit,
764 535 796 592 ut
816 524 1013 610 Aegisthum,
1039 545 1081 592 an
1103 525 1258 612 genitivus
1279 545 1302 592 a
1324 487 1505 611 δότδαμαρ,
1527 537 1560 592 nt
1578 522 1792 612 Agamemnm

331 651 403 697 nem
424 629 591 714 significet.
636 628 811 695 Genitivum
831 638 935 695 autern
958 643 1030 694 esse
1052 639 1139 696 recte
1155 626 1353 696 Hermunnus
1375 640 1496 709 censet,
1520 631 1595 718 qnia
1613 630 1795 715 Aegisthus,

302 801 304 806 .
331 743 364 802 ut
386 733 550 811 moechus,
574 751 713 796 umorem
733 740 818 796 certe
840 733 966 798 omnino
989 752 1053 798 non
1075 731 1195 798 habuit.

436 864 550 930 Cetera
571 857 848 928 0001000όεῖνο
869 859 1128 947 significationem
1147 865 1276 930 habent.
1320 863 1357 928 'A
1378 862 1625 947 privativum
1650 885 1717 930 cum
1733 885 1796 931 uno

332 967 526 1033 substantivo
553 966 754 1050 compositum
785 965 957 1030 invenimus
987 959 1057 1044 νόος
1085 965 1202 1042 όναες
1234 964 1321 1032 Pers.
1342 965 1407 1030 681
1429 982 1455 1029 0.
1480 963 1554 1030 vide
1586 963 1665 1033 Lob.
1694 967 1797 1053 paral.

331 1092 362 1158 p.
384 1069 466 1144 229,
490 1066 649 1132 06100100
673 1063 806 1151 simplici
829 1086 891 1131 uno
918 1059 1009 1154 σιγός
1033 1065 1274 1155 ἀλοιδόρους
1288 1067 1362 1151 rig.
1384 1063 1450 1132 394
1475 1086 1498 1132 0
1516 1066 1544 1148 1)
1576 1070 1702 1134 silentiu
1730 1089 1797 1133 000

333 1173 560 1241 conuiciantio,
594 1165 717 1234 duobus
741 1171 920 1256 compositis
944 1169 1050 1252 ὅμιλος
1075 1167 1416 1252 δνελληνόοτολος
1438 1169 1599 1256 800221
1621 1190 1797 1236 morcourt

332 1294 445 1358 praeco
470 1279 605 1337 ornatus
634 1279 665 1334 et
694 1270 892 1358 ᾇπεργόνωρ
913 1270 964 1338 Pr.
984 1270 1050 1336 969
1071 1291 1097 1337 c.
1130 1271 1251 1360 dequo
1275 1273 1369 1338 inira.
1423 1269 1513 1350 Quae
1537 1270 1702 1340 verbalem
1726 1275 1796 1340 stir-

332 1395 401 1463 pem
422 1377 582 1446 continent
602 1375 787 1460 saepissime
809 1392 877 1439 cum
897 1371 1081 1438 verbalibus
1095 1393 1184 1468 ,quae
1207 1376 1335 1460 proprie
1351 1384 1503 1439 vocantur
1523 1371 1688 1440 allectivis
1711 1395 1796 1442 com-

332 1478 437 1570 posita
461 1487 547 1555 sunt,
585 1496 717 1563 quorum
745 1474 1006 1560 significationem
1035 1473 1185 1562 pleraque
1217 1484 1487 1542 conservaverunt
1515 1485 1568 1540 aut
1593 1478 1796 1562 potentialem

334 1588 387 1644 aut
408 1580 584 1664 passivam:
605 1574 902 1662 α’ντρομόθητος
925 1575 1000 1663 Sup.
1022 1575 1088 1641 342
1108 1581 1316 1660 improvisus,
1346 1575 1621 1657 ἀβουκόλητον
1643 1577 1711 1645 τόδ’
1732 1582 1796 1671 ἐμῷ

332 1679 509 1764 φρονήματι
528 1659 602 1766 Supss
626 1679 703 1764 896
720 1698 789 1744 000
817 1679 1034 1766 obseruatum,
1066 1678 1324 1763 ἀκόμπαστός
1352 1665 1418 1764 spi.
1441 1679 1507 1745 528
1535 1699 1603 1744 000
1630 1683 1794 1765 pioriotus¹

334 1779 563 1866 ιῖκαόγητος
583 1781 691 1860 ’Ἅιδης
713 1779 764 1846 Pr.
787 1782 888 1858 1⁰32,
920 1779 1169 1863 ἀτημέλητος
1195 1786 1433 1865 λαμπτηρουχία
1462 1780 1524 1864 Ag.
1546 1779 1612 1845 859
1641 1785 1794 1867 aeplicius

334 1887 508 1967 ατημελέω
534 1882 632 1948 verbo
662 1891 735 1969 post
753 1881 921 1950 Homerum
951 1891 1019 1947 orto
1053 1881 1140 1964 (Eur.
1166 1882 1189 1953 l.
1211 1883 1250 1950 A.
1275 1883 1370 1959 731),
1402 1879 1662 1966 δθέρμαντον
1690 1885 1796 1951 ἑστίαν

335 1984 411 2052 cto.
439 1984 503 2050 619
534 2003 562 2049 0.
591 1989 658 2070 iqui
685 1987 866 2068 sacrificiuli
893 2005 960 2050 000
989 1987 1176 2068 calefactus,
1204 1981 1448 2065 ἀφοίβαντον
1470 1983 1558 2049 Eum.
1581 1983 1647 2049 236
1671 1981 1709 2052 fr.
1734 1985 1798 2052 153

335 2085 409 2152 Ηο0.
441 2085 641 2172 ἀκάθαρτον,
676 2083 924 2171 ἅφόρμικτον
948 2089 1042 2169 μέλος
1072 2085 1157 2151 Eum.
1187 2082 1269 2160 331,
1299 2081 1365 2147 343
1397 2104 1441 2162 0.,
1477 2083 1699 2172 α’νόρχετος
1728 2093 1798 2170 βίος

335 2187 418 2272 quod
445 2187 533 2254 Eum.
555 2187 620 2253 519
642 2206 667 2252 0.
711 2185 903 2253 Wieselerus
930 2206 969 2253 en
1002 2190 1185 2254 coniectura
1213 2187 1355 2272 reposuit
1380 2185 1546 2253 formatum
1576 2208 1595 2254 a
1619 2185 1796 2275 praesente,

333 2298 367 2354 ut
395 2287 564 2372 ότεόχετος
590 2287 643 2368 (00
673 2288 785 2373 quibus
812 2288 947 2354 101001
975 2278 1076 2375 paral.
1102 2309 1132 2374 p.
1154 2285 1251 2368 479),
1287 2287 1537 2368 α’νηκίδωτος
1568 2291 1608 2360 fr.
1629 2291 1694 2356 289
1721 2289 1798 2361 Hes.

335 2389 407 2456 ἄνευ
428 2391 533 2465 ἀκίδος
562 2389 614 2468 (ab
638 2386 776 2470 ιῖκιδόω).
827 2388 1087 2454 Potentialia
1113 2379 1199 2454 suni:
1228 2387 1386 2474 α’μαχέτοα
1407 2395 1495 2456 δίκαν
1516 2391 1635 2466 όδατος.
1665 2391 1732 2479 Spt.
1753 2393 1797 2458 85

231 2524 234 2529 ·
336 2509 362 2556 0.
389 2489 485 2576 (quod
510 2487 591 2554 allas
613 2488 736 2573 δι’μαχον
758 2491 855 2572 σέβας
879 2489 955 2554 dixit
977 2482 1054 2556 Cho.
1078 2489 1121 2556 49
1141 2495 1199 2574 0.),
1220 2489 1241 2562 ό
1248 2491 1326 2578 πρό
1333 2515 1492 2568 ςοιστος
1512 2489 1530 2556 ό
1547 2496 1679 2578 Περσῶν
1698 2516 1797 2577 ατρα-

333 2591 386 2670 τός
408 2590 498 2658 Pers.
520 2591 577 2669 92,
602 2589 880 2678 όρρναίαοτος
902 2589 974 2678 Sup.
996 2589 1172 2658 59411100.
1193 2590 1323 2660 Ηο1.Α.
1345 2589 1381 2658 ll.
1405 2592 1441 2672 6,
1460 2591 1503 2658 41
1527 2612 1594 2657 000
1613 2597 1796 2678 rapiendus,

336 2692 555 2782 ἀτρίακτος
577 2693 634 2774 ὅτι)
656 2693 731 2761 Cho.
749 2693 816 2759 335
835 2713 862 2761 0.
882 2714 948 2759 000
968 2697 1139 2770 vincenda,
1163 2693 1458 2781 ἄπρόσδεικτος
1478 2687 1577 2776 alicua
1600 2693 1675 2782 Sup.
1689 2697 1754 2762 763
1770 2717 1797 2764 0.

335 2816 428 2878 rupes
461 2791 570 2862 tautae
594 2797 768 2862 altitudinis
796 2807 833 2862 ut
849 2815 1010 2861 cacumen
1037 2799 1141 2879 dipitis
1170 2801 1348 2862 uuouctrari
1376 2808 1528 2882 nequeat,
1566 2794 1797 2867 ότόνταστον

336 2895 375 2963 fr.
399 2897 462 2961 1²1
484 2896 558 2965 1100.
586 2898 785 2978 ἀνείκαστον,
810 2895 1037 2981 οἷ’βδέλακτα
1057 2897 1098 2967 fr.
1120 2895 1184 2963 143
1213 2920 1280 2964 000
1306 2901 1539 2972 abominanda,
1567 2897 1737 2968 ὅστεκτα
1758 2901 1797 2970 fr.

335 2999 402 3064 237
429 2998 468 3066 oui
492 2999 645 3085 δυνάμενα
672 3001 913 3084 κατασχεθῆναι.
962 2997 1071 3062 Restat
1101 3000 1262 3082 δρόσοις
1287 2999 1482 3079 όέλτιτοις
1502 3003 1646 3090 μαλέρων
1667 3003 1796 3071 λεόντων

334 3099 395 3186 Ag.
418 3102 481 3166 132
504 3120 548 3179 c,
577 3122 658 3189 quae
682 3100 839 3189 scriptura
860 3110 930 3188 post
951 3101 1044 3166 varia
1065 3099 1229 3167 multorum
1251 3103 1417 3168 conamina
1439 3101 1542 3168 adhuc
1572 3113 1602 3169 et
1627 3103 1795 3190 interprete

336 3210 367 3266 et
393 3201 594 3268 emendatore
623 3215 724 3271 caret:
755 3201 812 3270 sed
839 3201 913 3288 quial
942 3199 1109 3284 legendum
1144 3204 1185 3269 sit
1216 3203 1310 3271 docet
1328 3203 1478 3289 llesychii
1503 3203 1613 3289 glossa
1643 3205 1693 3288 (ir.
1716 3203 1793 3278 226)

336 3300 480 3380 ἄελπτοι,
516 3311 628 3389 δεινοί,
666 3311 719 3373 καὶ
749 3303 874 3371 liemon.
923 3301 1085 3386 Λλσχόλος
1119 3313 1254 3386 Πρωτεῖ.
1305 3305 1436 3373 Proteus
1473 3310 1586 3374 citatur
1619 3326 1677 3394 pro
1705 3307 1795 3391 Aga-

336 3423 499 3472 memnone
520 3417 553 3472 ut
574 3408 625 3474 hic
647 3405 766 3494 passim
787 3426 845 3494 pro
870 3403 1073 3492 0100010010.
1114 3405 1354 3475 Restituendum
1378 3411 1475 3493 igitur
1496 3419 1550 3476 aut
1568 3407 1719 3492 δόατοις,
1745 3415 1797 3472 aut

338 3505 422 3590 quod
444 3505 537 3574 huius
561 3497 824 3595 significationem
848 3508 991 3595 exprimit
1012 3503 1168 3587 οἷλότττοις.

345 3715 701 3729 —n—-v-——n——aq—

392 3845 421 3918 1)
443 3845 533 3902 locus
552 3845 669 3900 difficilis
686 3847 725 3898 ita
741 3844 847 3918 virletur
864 3845 994 3916 legendus
1016 3860 1090 3900 csse:

788 3942 903 4014 scripsere
921 3944 999 4014 osyris
1020 3939 1131 4010 οἴτδμοατ
1149 3941 1306 4014 οἷλοιδόροοτ

787 4023 874 4083 iiior?
892 4023 1047 4097 ἐφειμένων
1063 4021 1132 4080 ι’δτῖν
1164 4031 1165 4040 ’

440 4129 502 4179 lieet
518 4127 609 4180 uidere
626 4124 734 4178 silentiu
751 4119 927 4184 0000000010
946 4125 1063 4196 [quidem
1078 4121 1137 4194 sed]
1155 4139 1209 4177 000
1228 4124 1405 4180 convictarum
1419 4139 1511 4182 eorum
1526 4125 1570 4192 001
1582 4125 1723 4179 carmanum
1735 4141 1798 4194 per-

442 4210 575 4266 dtdmrmt.
