3998 4950
1704 310 1747 374 ⁵3
1834 377 1843 400 ι

276 488 441 561 accurate,
466 478 673 560 θεμιστῶς
708 476 784 545 (ihc.
812 479 884 546 6³3·
908 485 1080 550 secundom
1107 486 1203 568 legem
1233 488 1287 566 (ne
1319 486 1470 570 διμισιός
1500 489 1627 576 quidem
1656 472 1752 560 entra⁴

206 651 209 658 ,
274 591 416 648 nostrum
436 589 466 646 et
479 579 699 665 Hesychium):
724 579 784 646 sed
806 581 1045 666 παγκρότως
1067 585 1140 674 Sup.
1154 588 1219 654 693
1236 608 1370 673 prorsus
1378 593 1550 674 strepitose
1567 604 1598 662 et
1619 596 1742 680 dapal-
1740 607 1745 622 ’

272 710 348 760 νιος
375 682 531 768 Agcel.
561 685 815 763 supramodum
844 686 1009 751 dicendum
1037 685 1165 770 (Herm.)
1154 695 1259 769 tucn
1289 709 1309 756 a
1334 693 1512 758 nominibus
1538 695 1738 766 descendere

161 780 164 786 ’
200 808 207 819 ·
272 787 428 854 videntur
451 821 494 832 -
539 771 794 849 Tcmniuatio'
768 813 780 849 ι
808 786 876 852 sive
903 810 931 852 ει
963 797 994 854 et
1018 790 1197 856 nominibus
1221 800 1252 857 et
1273 790 1381 857 verhis
1405 793 1591 881 adaptatur:
1620 807 1738 880 πανδο-

269 897 323 972 μιὶ
344 916 396 955 ιαι
386 886 637 966 πανομιλεὶ
656 891 819 967 esenowa
840 886 906 975 Spt
921 889 987 955 278
1008 910 1035 958 c.
1058 898 1200 977 conferto
1225 897 1364 976 agmine,
1389 898 1439 960 cui
1464 898 1635 984 adiungam
1659 901 1739 968 ller-

268 995 374 1059 manni
399 992 609 1056 coniecturam
632 982 811 1054 eatam
829 988 979 1076 ppdccvc'
1005 992 1080 1061 Clo.
1105 997 1169 1060 112
1192 1015 1248 1082 pro
1273 994 1376 1072 ἁπλῶς
1397 1024 1435 1060 ιι.
1457 1033 1494 1046 -
1538 997 1735 1071 Terminatio

268 1078 323 1178 δῙν
351 1091 461 1160 verbis
477 1087 679 1165 adnectitur,
715 1086 879 1173 ἑλίγδην
908 1091 959 1160 Ρι.
981 1095 1048 1174 884
1069 1115 1120 1164 an.
1149 1101 1296 1174 rotatim,
1324 1094 1444 1177 σι’δην
1474 1098 1507 1167 P.
1530 1099 1597 1167 475
1618 1109 1734 1170 tumul—

269 1213 373 1267 lucae:
407 1193 590 1260 terminatio
613 1195 668 1256 δον
697 1188 895 1275 nominihus,
928 1197 1139 1278 μολπηδόν
1168 1196 1201 1261 Ρ.
1226 1197 1293 1272 384
1325 1203 1486 1266 cantando
1516 1203 1733 1280 mucescere,

263 1299 436 1379 λονηδόν
457 1293 495 1360 ir.
510 1294 553 1358 30
572 1281 720 1374 luporem
738 1296 906 1358 modo.-
937 1296 1176 1367 Terminatione
1197 1305 1215 1377 ξ
1235 1298 1450 1368 abstinuit—
1478 1301 1609 1370 Restant
1625 1305 1735 1380 dunin

267 1432 289 1470 α
270 1391 459 1468 exeuntia
481 1375 688 1462 obscurioris
699 1402 813 1461 nolae:
845 1400 1151 1500 erpo‘upvpead'
1172 1400 1302 1486 tassotde
1324 1403 1412 1487 φέρει
1431 1404 1551 1490 clericale
1573 1405 1731 1491 ἀλφηστᾶν

153 1487 170 1584 ,’
266 1504 359 1588 8λβος
383 1501 448 1588 Spt.
461 1497 577 1564 75⁰0.
601 1499 705 1560 eiectio
731 1499 767 1560 de
786 1504 886 1581 puppi
906 1521 966 1568 nec
987 1525 1081 1583 vero,
1103 1514 1135 1571 ut
1156 1505 1335 1581 Wellauer,
1357 1507 1555 1588 fonditcsc
1526 1509 1579 1588 (cl
1600 1510 1731 1575 similem

266 1606 453 1674 senteniiam
478 1602 539 1685 Ag.
560 1601 655 1680 973),
686 1607 718 1664 el
745 1598 908 1686 ἄπριγδ’
929 1601 1112 1692 ἄπριγδα
1136 1607 1221 1692 μαλιι
1242 1599 1410 1692 γόεδναΡ.
1432 1609 1517 1673 1026
1541 1621 1572 1676 et
1595 1613 1679 1678 1031
1706 1634 1731 1680 c.

267 1713 434 1780 tenaciter,
458 1720 673 1791 paragogum,
698 1710 731 1767 ut
749 1695 886 1780 videtur,
910 1704 951 1769 ab
974 1705 1080 1792 ducat.

268 1839 272 1844 ·
364 1809 574 1876 Novissimum
600 1823 715 1887 agmen
746 1803 875 1870 claudat
901 1807 1079 1875 interiectio
1108 1811 1203 1876 unica
1230 1812 1317 1894 οἴμοι
1351 1816 1548 1893 πανοίμοι
1578 1813 1729 1882 δεσπότου

263 1903 480 1998 ’ποιιλημμένον
502 1907 579 1973 Cho.
599 1906 665 1970 862
686 1899 746 1972 occ
765 1926 917 1990 prorsus,
939 1909 1096 1996 siquidem
1116 1914 1242 1979 omnino
1263 1914 1381 2000 patitur
1402 1911 1501 1978 latine
1524 1918 1616 1983 verti.

509 2017 517 2050 h

791 2159 1203 2232 CONGLUSIO.

275 2287 277 2292 Ι
367 2326 394 2410 ᾗ,
410 2287 464 2387 12.
508 2320 564 2386 llis
585 2321 724 2390 exoretis
746 2334 887 2410 poteram
910 2346 990 2394 vasa
1014 2325 1179 2412 colligere.
1231 2325 1296 2392 Sed
1320 2345 1397 2414 opus
1426 2324 1600 2391 absolutum
1625 2328 1744 2416 oculis,

263 2425 453 2496 examinanti
475 2434 641 2490 occurrunt
660 2424 898 2514 Aristophanae
919 2429 977 2494 illa
999 2428 1038 2494 de
1060 2437 1156 2516 potita
1179 2424 1530 2512 κομποφακελορρήμονι
1553 2437 1582 2492 et
1604 2425 1725 2514 ῥήματα

259 2532 451 2617 ’γομφοπαγῆ
464 2525 630 2604 πινακηδὸν
644 2525 826 2592 ducenum
849 2530 951 2606 diota,
973 2530 1056 2595 unde
1075 2522 1343 2613 egressus'eram,
1366 2538 1594 2614 monenturque
1604 2529 1724 2596 abeun-

259 2646 327 2702 tem.
373 2630 451 2698 Num
474 2645 589 2694 revera
622 2627 819 2704 „lamiculos
849 2631 1017 2697 verborum
1042 2629 1205 2696 tabulatin
1230 2631 1322 2716 quasi
1344 2630 1443 2697 claris
1468 2641 1722 2717 compactorum“

259 2731 548 2823 deprehendimus?
601 2727 696 2796 Immo
724 2729 807 2816 quod
837 2734 926 2801 initio
957 2731 1174 2800 contendimus
1205 2745 1247 2820 tp.
1270 2731 1339 2815 15),
1369 2732 1451 2798 ultra
1480 2731 1555 2798 bina
1584 2734 1721 2801 membra
1832 2773 1834 2792 .

259 2855 426 2922 numquam
457 2833 499 2900 ab
528 2829 685 2916 Aeschylo
715 2835 883 2901 coniuncta
910 2855 1001 2918 esse,
1030 2834 1063 2900 id
1092 2854 1176 2902 nnnc
1202 2855 1339 2903 recensu
1365 2833 1450 2901 linito
1476 2833 1722 2902 demonstratum

258 2951 312 3008 est.
355 2935 582 3023 Aristophanes
602 2936 699 3019 igitur
720 2938 834 3003 iniuste
856 2938 1007 3005 iudicavit
1028 2935 1069 3003 de
1092 2957 1147 3016 eo,
1172 2939 1221 3003 cui
1245 2937 1352 3004 sedem
1376 2936 1499 3023 regiam
1520 2939 1602 3004 inter
1620 2939 1721 3023 tragi·
1826 2937 1831 2947 '

258 3061 313 3109 cos
336 3037 551 3106 attribuebat?
585 3027 646 3103 v'n
671 3039 795 3106 credas.
838 3039 941 3107 Simul
964 3040 1031 3106 alia
1053 3041 1195 3125 quaestio
1220 3040 1332 3118 oritur,
1356 3059 1447 3126 quem
1468 3044 1500 3104 in
1523 3040 1612 3107 linem
1634 3049 1722 3106 tanta
1810 3081 1814 3088 -

149 3163 152 3170 ·
256 3142 365 3210 moles¹
385 3142 624 3227 compositorum
654 3142 805 3228 imprimis
830 3145 985 3208 nominum
1011 3144 1189 3226 excogitata
1212 3142 1275 3206 siti
1320 3140 1429 3208 Facile
1452 3140 1558 3220 dicas,
1589 3153 1720 3210 ornatus

256 3265 372 3313 causa:
394 3243 452 3310 sod
476 3245 569 3329 quale
591 3241 623 3308 id
646 3261 749 3326 genus
769 3255 899 3311 ornatus
925 3247 982 3322 sit,
1007 3243 1041 3310 id
1058 3246 1159 3331 ipsum
1174 3245 1207 3310 in
1223 3242 1362 3310 obscuro
1381 3252 1439 3309 est.
1478 3244 1599 3323 Quibus
1619 3265 1720 3332 quae·

234 3346 410 3417 stionibus
435 3346 527 3412 simul
549 3343 792 3433 respondebitur
819 3345 1032 3435 disputatione
1056 3344 1097 3412 de
1119 3345 1344 3411 adiectivornnr
1371 3347 1627 3434 (compositorum
1652 3369 1720 3416 ma-

253 3456 347 3532 nime)
379 3469 445 3516 cum
468 3447 673 3516 substantivis
700 3451 941 3525 coniunctione,
974 3451 1091 3534 quain
1114 3467 1166 3527 re,
1196 3457 1229 3516 ut
1256 3446 1393 3534 loquitur
1419 3447 1655 3517 Ellendtius
1685 3454 1717 3518 iu

253 3551 314 3618 lar.
334 3552 430 3639 Soph.
452 3548 495 3626 ΙΙ,
527 3551 572 3617 84
599 3571 623 3618 s.
645 3573 674 3618 u.
701 3551 921 3638 μεσόμφαλος,
949 3553 1028 3617 mire
1055 3553 1254 3618 scenicorum
1277 3558 1437 3638 poetarum
1465 3549 1597 3618 licentia
1626 3552 1715 3620 luxu-

253 3656 338 3722 riata
368 3666 423 3722 est.
475 3653 535 3738 llic
561 3655 610 3722 uir
638 3653 750 3722 doctus
782 3657 847 3740 (qui
871 3672 954 3721 nunc
976 3651 1089 3720 heatus
1113 3674 1156 3720 ,ex
1182 3654 1274 3720 huius
1295 3654 1379 3718 vitae
1409 3654 1543 3719 miseriis
1566 3658 1714 3734 excessit)

252 3758 311 3825 illa
340 3760 461 3842 ingenii
489 3757 649 3846 ἀκριβείᾳ,
679 3778 742 3845 qua
769 3755 960 3833 excellebat,
994 3759 1111 3824 ceteris
1141 3754 1366 3842 interpretibus
1388 3755 1513 3840 quidem
1536 3758 1715 3823 accuratius

252 3862 346 3929 huius
375 3859 526 3947 loquendi
556 3863 687 3928 rationis
709 3879 834 3946 genera
857 3859 1015 3926 distinxit:
1033 3869 1149 3925 ,tamen
1171 3877 1273 3945 neque
1296 3861 1400 3924 omnia
1421 3869 1509 3925 recte
1532 3858 1717 3925 diiudicarit

252 3972 284 4030 et
305 3960 450 4030 dissolvit
481 3965 571 4051 (qnia
590 3966 743 4030 rationem
768 3983 832 4030 non
852 3961 991 4029 habebat
1014 3959 1222 4050 componendi
1245 3959 1388 4026 ordinum
1414 3979 1583 4047 eorumque
1613 3961 1714 4046 signi-

250 4065 435 4147 ficationis),
464 4084 566 4151 nequa
595 4067 738 4142 omnino,
752 4085 804 4131 vex
833 4084 894 4152 quo
923 4065 1009 4130 ionte
1031 4073 1062 4130 et
1086 4066 1117 4129 in
1142 4083 1232 4151 quem
1254 4062 1345 4129 finem
1366 4063 1447 4130 haec
1469 4081 1561 4149 quam
1584 4063 1714 4130 miratur

250 4169 381 4238 licentia
402 4178 561 4256 prognata
584 4166 691 4245 fuerit,
712 4166 837 4234 videtur
857 4168 1071 4256 perspexisse.
1115 4167 1259 4234 Attamen
1282 4177 1386 4254 potest
1410 4166 1483 4233 dici.
1527 4165 1627 4245 Quum
1649 4177 1713 4234 tra·
