3998 4950
172 391 180 412 .
271 317 316 386 dl

273 503 414 590 gaudine
443 520 527 568 soro
561 501 733 568 carminum
759 497 872 586 generi
898 495 1031 570 altiores
1052 499 1180 586 spiritus
1202 497 1528 577 assumendorum,
1557 500 1737 586 Aeschylus

275 615 386 693 suopte
416 603 540 670 sublimi
567 603 699 688 ingenio
731 598 833 668 adid
860 600 1120 690 opus-impulsus
1151 598 1321 687 (siquidem
1350 599 1411 668 hac
1441 609 1489 666 est
1520 600 1738 670 documentum

276 713 410 792 μονίμου
438 711 587 788 ποιητοῦ,
614 715 660 780 nt,
692 703 776 789 quod
805 722 845 771 ex
872 705 985 782 rasit,
1016 704 1050 772 id
1071 708 1141 792 ipse
1172 712 1302 790 appetat
1328 699 1467 769 naturali
1490 703 1738 790 querantur.

274 808 395 890 derio),
418 811 498 876 sient
518 807 670 872 cothurno
694 809 821 871 iuuenta
841 823 996 892 personas
1015 795 1170 894 passibus
1185 797 1359 871 maioribus
1380 821 1472 890 quam
1493 804 1638 884 humanis
1653 807 1740 874 ince-

278 910 474 986 deraserit,
505 910 553 973 sie
575 909 607 972 in
625 905 768 975 'disemo
789 927 913 996 qnoque
936 917 966 974 et
987 907 1158 994 cogitando
1181 905 1386 993 amplioribus
1410 905 1743 993 comprehensionibus

278 1012 425 1080 utebatur
447 1007 590 1098 pluribus
612 1009 793 1077 notionibus
815 1009 1013 1097 integrisque
1036 1007 1207 1097 phrasibus
1229 1011 1263 1075 im
1286 1025 1379 1074 unum
1402 1019 1497 1096 atque
1513 1007 1650 1080 solidant
1670 1029 1742 1076 cor-

278 1135 337 1202 pus
359 1115 479 1181 coaotia
500 1119 531 1178 et
551 1113 753 1196 compressis.
797 1110 868 1190 Qua
889 1113 921 1177 in
946 1129 982 1178 re
1005 1113 1064 1178 etsi
1085 1112 1228 1191 brevitas¹
1241 1110 1310 1190 sine
1326 1111 1421 1178 dnbio
1438 1113 1538 1190 inest,
1560 1131 1625 1180 nau
1638 1120 1743 1186 tarsen

278 1213 554 1302 breviloquentiae.
573 1211 724 1290 studium,
756 1213 849 1298 quale
881 1229 931 1279 ex.
952 1234 1000 1298 gr.
1021 1212 1217 1302 Thucydidis
1242 1221 1307 1289 est,
1338 1215 1490 1292 cernitur,
1521 1213 1581 1281 aed
1600 1213 1742 1282 sublimis

280 1319 388 1394 ille.et
417 1323 606 1401 contemptur
626 1314 804 1399 vulgaricum
828 1315 950 1382 animm
971 1317 1133 1383 nascentis
1155 1313 1361 1400 tragoediae,
1391 1318 1443 1402 qni
1473 1331 1574 1402 aeque
1601 1315 1642 1384 ab
1674 1315 1743 1402 epi·

283 1439 390 1487 eornm
407 1417 533 1506 prolixa
547 1415 745 1503 simplicitate
768 1427 799 1482 et
821 1433 842 1484 a
859 1417 1017 1505 pedestris
1031 1419 1188 1484 sermonis
1205 1415 1375 1485 enucleata
1387 1401 1629 1506 pimpicuitnte‚
1650 1428 1743 1504 atque

86 1579 97 1602 ,
160 1557 162 1561 -
281 1522 323 1588 ab
347 1529 442 1586 acuta
464 1517 636 1585 subtilitate
657 1530 689 1585 et
715 1526 904 1608 λευτολογίᾳ
930 1520 1121 1608 Euripideue
1147 1520 1294 1587 dictionis
1316 1519 1520 1588 abhorrebat
1571 1520 1744 1606 Aeschylus

284 1641 377 1711 quum
404 1621 481 1686 dixit
507 1619 629 1696 ιόνοείς·
653 1635 711 1707 pro
732 1628 835 1706 μιγεὶς
859 1620 998 1706 φιλότητι
1019 1627 1071 1688 sui
1093 1621 1164 1714 εόνῇ
1188 1634 1242 1688 aut
1262 1623 1451 1706 θεομήστωρ
1472 1643 1527 1712 pro
1551 1623 1663 1708 θεόφιν
1685 1621 1745 1707 μό-

283 1750 369 1808 σιορ
389 1722 578 1806 ἀτάλαντος,
591 1721 660 1788 ὀοιι
681 1721 786 1790 verbis
807 1734 861 1788 aut
881 1721 1032 1790 lateribus
1055 1723 1154 1791 valuit
1174 1743 1326 1812 parcere,
1355 1725 1413 1792 sed
1434 1729 1549 1794 animis
1570 1725 1746 1792 sadducum

284 1827 326 1894 ad
361 1823 564 1911 cogitandum
598 1827 701 1891 acutis
734 1824 863 1911 dignum
899 1825 1038 1912 aliquem
1076 1824 1180 1892 indice
1212 1826 1326 1894 nodum
1361 1834 1515 1916 praebere
1547 1829 1743 1917 perspicien-

287 1928 368 1994 dum.
419 1925 458 1993 Ut
486 1929 583 2012 igitur
611 1927 716 2014 plures
745 1930 892 1993 notiones
920 1931 953 1994 in
982 1949 1075 1994 uuum
1103 1929 1399 2017 comprehenderet,
1438 1931 1524 1998 inuit
1556 1932 1746 2020 composita:

286 2027 368 2094 idem
390 2027 585 2114 sequebatur
608 2030 805 2116 appositione
829 2029 1052 2096 adieetiuorum
1077 2033 1319 2117 compositorum
1339 2032 1550 2113 aaronica,
1577 2032 1661 2099 nude
1687 2030 1745 2130 ad-

285 2129 351 2196 dito
381 2129 535 2196 interdum
571 2133 696 2196 nomine
732 2151 885 2218 suspenso
920 2135 998 2197 mire
1031 2130 1202 2218 perplexas
1239 2133 1535 2204 circumlocutiones
1564 2137 1747 2222 composuit.

287 2231 355 2298 llac
381 2243 486 2299 tamen
515 2234 560 2298 ita
589 2253 718 2319 prorsus
748 2236 781 2298 in
807 2235 996 2320 sangninem
1019 2243 1049 2301 et
1072 2225 1188 2302 neruos
1213 2225 1402 2322 tragoediae
1425 2241 1637 2320 transierunt,¹
1664 2249 1696 2304 nt
1715 2241 1747 2304 in

228 2415 230 2422 y
288 2335 420 2400 canticis
444 2371 486 2382 -—
506 2353 571 2400 non
592 2338 666 2400 item
682 2337 719 2410 ¹in
742 2333 857 2408 iambis
876 2373 918 2383 —
939 2357 1043 2422 neque
1065 2333 1263 2423 aSapboele
1285 2360 1389 2429 neque
1411 2342 1452 2408 ab
1473 2341 1623 2428 Euripide
1647 2342 1748 2407 minus

289 2434 442 2500 audacter
459 2435 662 2518 fingerentur.
707 2435 755 2500 (ll.
778 2455 860 2524 quac
884 2435 990 2502 docuit
1012 2436 1251 2524 Bernhardy
1272 2441 1305 2510 in
1327 2453 1407 2528 synt.
1430 2462 1478 2528 gr.
1501 2465 1530 2531 p.
1544 2443 1619 2510 427.
1658 2442 1748 2512 Nunc

289 2553 412 2622 genera
434 2537 605 2601 summatim
629 2537 809 2604 ostendam:
832 2574 875 2585 -
904 2535 964 2602 Ubi
979 2537 1206 2606 substantivum
1226 2561 1297 2608 euru.
1313 2543 1470 2613 adieetiuo
1486 2548 1636 2612 unitatem
1651 2547 1749 2632 sigui-

289 2635 444 2702 ioationis
476 2638 727 2726 comprehendit,
761 2639 828 2706 lieri
857 2647 976 2727 potest,
1013 2652 1045 2707 ut
1075 2641 1264 2714 adieetiuum
1293 2650 1461 2716 onutineat
1483 2652 1640 2714 uodonem
1669 2669 1750 2735 quae

289 2738 503 2818 substantivo,
527 2751 557 2806 et
583 2741 823 2820 substantivum,
845 2759 926 2828 quae
948 2739 1107 2809 adiectivu
1130 2744 1189 2813 luit
1212 2747 1358 2818 dicenda.
1400 2749 1548 2820 Nonnulli
1568 2749 1634 2818 loci
1657 2750 1753 2820 aliter

291 2851 451 2926 nequeunt
477 2844 571 2909 verti:
603 2842 761 2910 Φυλόοσιο
788 2841 887 2927 airis
915 2840 1015 2930 πυρός
1044 2849 1202 2932 φέρουσαν
1232 2853 1266 2920 ἐκ
1290 2858 1408 2936 Τροίας
1432 2851 1525 2938 φάτιν
1544 2851 1700 2940 υἷλιόιιμόν
1718 2881 1751 2924 τι

292 2941 414 3025 βάξιν
434 2942 497 3028 Ag.
521 2944 561 3008 ll
586 2976 625 2992 -
658 2954 807 3012 vertusne
830 2948 988 3029 loquelam
1010 2954 1274 3033 enpuqueennnt
1318 2954 1401 3034 Quid
1427 2955 1488 3024 hou
1517 2961 1589 3025 est?
1635 2959 1752 3030 Dicere

192 3091 199 3102 .
291 3042 390 3112 ualuit
411 3047 536 3128 foueam
555 3058 584 3112 et
605 3051 872 3132 enpuqnationenc
893 3053 1085 3116 nuntiatam.
1129 3055 1282 3140 Aipurcru
1308 3055 1507 3144 ιόδνήοίμων
1531 3051 1752 3150 όιιορρυένιιιυ

293 3147 355 3231 Ag.
375 3147 477 3211 1253:
510 3166 574 3215 uon
603 3161 706 3236 potest
738 3147 925 3216 adieetivum
948 3154 1009 3218 uisi
1032 3154 1225 3223 substantive
1246 3161 1347 3238 uerti,
1373 3166 1408 3228 in
1427 3166 1517 3246 facili
1535 3175 1645 3231 marte.
1689 3175 1753 3233 Ac-

292 3253 397 3315 ποόσα
425 3247 458 3316 δ’
480 3245 620 3317 α’στοῖσιν
645 3250 840 3335 όσιιόστορας
861 3252 988 3330 κλόνους
1010 3264 1181 3342 λογχίμους
1202 3259 1261 3346 Ag.
1278 3263 1346 3330 386
1369 3283 1394 3329 o.
1424 3285 1488 3332 nott
1510 3277 1581 3332 sunl
1604 3271 1751 3351 struitur

292 3353 412 3417 hastati
433 3361 461 3418 et
485 3357 580 3417 scutis
601 3357 800 3428 instruentes,
826 3352 884 3422 sed
907 3359 1027 3424 hastati
1045 3371 1213 3443 strepentes
1239 3376 1268 3430 et
1290 3372 1385 3434 scutis
1408 3386 1440 3434 se
1459 3372 1659 3436 instruentes.
1704 3369 1752 3440 Gi

253 3526 256 3536 Ι
293 3450 329 3520 Ρ.
344 3453 409 3518 238
424 3462 455 3517 et
470 3452 546 3518 239.
585 3453 653 3543 ,διό
675 3454 756 3550 baec
776 3475 858 3543 quae
879 3477 948 3524 eum
969 3461 1161 3548 simplicibus
1183 3463 1260 3532 fiunt
1281 3467 1417 3537 sortasse
1437 3469 1661 3558 aliquisuegct
1674 3473 1753 3538 tanti

295 3574 384 3633 esse,
407 3566 439 3622 ut
462 3553 593 3622 ordines
614 3560 768 3624 orationis
791 3562 1002 3640 inundantum
1026 3565 1054 3629 is
1083 3586 1159 3633 vera
1185 3568 1470 3658 videat-quomado
1494 3575 1666 3659 composita
1688 3573 1754 3648 sol·

294 3666 347 3723 vat
368 3655 562 3724 huiusmodi:
586 3667 678 3742 φιμοὶ
698 3660 968 3746 μυκτηροκόμποις
987 3663 1142 3749 πνεύμασι
1162 3671 1369 3758 πληρούμενοι
1390 3675 1458 3764 Spu.
1471 3675 1546 3760 445,
1566 3677 1757 3763 ἑπτατειχεῖς

293 3755 418 3834 ἐξόδους
450 3758 514 3845 Spu.
537 3760 618 3839 267,
646 3764 865 3848 δενδροπήμων
886 3765 990 3848 diepa
1009 3766 1095 3836 Eum.
1118 3769 1199 3850 245,
1232 3778 1295 3842 nisi
1318 3778 1395 3846 velit
1415 3773 1603 3847 substantivi
1626 3784 1754 3849 notione

296 3880 333 3927 er
348 3859 487 3926 membro
505 3861 653 3929 adiectiui
668 3876 768 3930 sumta
786 3868 833 3932 sic
855 3877 980 3935 uertere
1004 3869 1089 3950 lere,
1114 3878 1205 3960 quasi
1221 3876 1335 3945 dixerit
1347 3881 1458 3970 κόμπῳ
1473 3883 1756 3970 μοιτηροπυιόοιρ

296 3971 326 4028 et
346 3975 449 4046 τεῖχος
471 3962 636 4040 iuratores
668 3979 698 4032 el
723 3976 811 4051 πῆμα
838 3965 1072 4058 urrinnandin.
1126 3977 1250 4044 Similia
1272 3982 1516 4069 κελαινόβρωτον
1538 3979 1621 4072 ἧπαρ
1645 3986 1756 4053 dados-
1883 4035 1889 4048 .

296 4063 421 4142 νῆοετοι
453 4063 503 4130 Pr.
538 4067 622 4140 1029
657 4074 793 4139 comedet
820 4076 922 4140 cibum
949 4079 1013 4142 atri
1042 4081 1172 4154 incutit,
1217 4079 1335 4160 ιλλόξειν
1365 4093 1568 4172 δημορριφεῖς
1594 4093 1758 4172 λευσίμους

294 4161 372 4250 δρός
397 4169 457 4252 Ag.
480 4168 565 4236 1585
589 4172 692 4236 dinone
718 4177 944 4259 lapidationem
966 4183 1097 4247 'iaciente
1117 4186 1254 4280 populo,
1283 4185 1387 4270 ἄχθος
1411 4194 1653 4274 δειματοσταγὲς
1673 4187 1758 4276 φόνῳ
