3998 4950
1665 349 1716 437 ιι,
1803 421 1806 433 ,

237 547 331 622 rausa
358 535 444 592 octos
476 533 507 590 et
534 532 620 590 octos
644 538 819 588 musarum.
872 519 955 586 Vere
979 521 1160 610 copulativa
1186 527 1279 591 etiam
1301 535 1372 592 sunt
1399 527 1703 618 ἱππαλεκτρυών
1734 599 1736 604 ,

238 641 270 700 et
291 635 538 717 γρυπαίιυος
565 627 606 692 fr.
626 625 691 690 137
720 635 752 692 et
771 623 883 690 Ranae
905 626 971 700 829
997 625 1177 692 animalium
1198 626 1256 694 illa
1275 639 1415 696 monstra
1438 637 1581 717 (quorum
1603 635 1702 701 simil-

237 734 342 801 limum
373 732 561 816 υραμέλαφις
589 727 642 794 vix
675 726 762 794 dieas
788 725 856 813 'quo
888 729 956 793 iure
986 725 1067 800 Pota
1095 727 1226 815 Etymol.
1258 729 1483 818 Forscbungen
1517 735 1554 803 ll.
1586 759 1615 824 p.
1638 739 1703 805 385

238 839 400 904 collecticio
434 831 643 898 adnumerare
670 830 827 916 potuerit).
855 837 905 877 -'
940 827 1110 902 Adiectiva
1134 841 1205 896 sunt
1235 831 1250 864 *
1259 843 1387 917 μελαμ
1396 833 1528 918 βυθός
1556 840 1703 924 κευθμών

236 937 401 1024 Ταρτάρου
433 934 485 1000 Pr.
516 934 580 997 221
608 935 759 998 obscurus
788 943 817 997 at
840 935 1022 1016 profundus
1053 931 1269 1000 llumeoeu.
1298 935 1398 1016 1624,
1431 937 1526 1027 Soph.
1555 941 1594 1006 sn.
1625 940 1703 1022 Pol,

234 1041 339 1128 Apoll.
360 1035 461 1104 Rhod.
484 1035 534 1115 IV,
557 1036 639 1114 516,
669 1035 917 1119 *ἀνδρόπαις
945 1034 1024 1116 όνόρ
1050 1035 1117 1122 spt.
1139 1034 1212 1104 514.
1239 1035 1337 1123 Sopb.
1357 1039 1397 1104 ir.
1416 1041 1496 1120 551,
1524 1047 1574 1108 ot'r
1598 1049 1652 1127 put
1676 1057 1703 1111 et

234 1131 519 1228 postmortem,
554 1138 771 1216 ὀξυπευκὲς
798 1143 889 1223 ξίφος
911 1136 988 1203 Cho.
1012 1139 1078 1204 630
1101 1157 1128 1204 ο.
1160 1151 1287 1206 acutum
1315 1151 1409 1224 atque
1433 1163 1597 1219 amarum,
1626 1147 1703 1230 λάχη

236 1248 568 1312 δυσοδοπαίπαλα
586 1240 672 1306 llum.
689 1242 755 1305 379
779 1259 807 1305 c.
827 1259 899 1306 sors
919 1246 1008 1306 iaot'c
1030 1253 1059 1307 et
1080 1244 1264 1322 scopuloso,
1293 1251 1323 1308 et
1342 1241 1607 1327 όξογλόιιειαν
1627 1247 1703 1336 ῥόαν
1781 1257 1788 1268 “

236 1347 275 1412 sr.
296 1347 369 1411 329.
405 1343 471 1410 Sed
493 1347 692 1426 μελαμπαγὲς
714 1337 792 1424 αἷμα
813 1339 879 1427 Spt.
896 1342 962 1407 718
985 1342 1068 1428 quod
1086 1342 1289 1410 Blomieldus
1311 1345 1532 1432 interpretatus
1548 1356 1595 1412 est
1615 1355 1704 1434 reaper

238 1458 265 1512 et
288 1458 450 1534 concretus
474 1443 720 1512 determinativis
740 1442 936 1511 reddendum
958 1453 1022 1520 est,
1054 1448 1130 1531 quia
1152 1445 1254 1530 παγής
1276 1446 1409 1514 solutum
1427 1469 1492 1516 uon
1512 1459 1625 1517 exstat.

748 1667 774 1750 §.
796 1667 826 1732 5.
873 1667 909 1732 ll.
935 1669 1189 1734 Possessioa.

338 1839 503 1906 Adiectiva
529 1848 600 1904 suut
625 1841 740 1906 omnia.
784 1837 960 1907 Membrum
980 1839 1178 1927 subsequens
1204 1858 1327 1926 semper
1351 1859 1368 1905 e
1392 1839 1597 1908 substantivis
1622 1863 1704 1910 snm·
1803 1851 1804 1854 ’

238 1955 301 2011 tum
325 1954 389 2021 ost,
419 1942 621 2029 praecedens
655 1952 703 2010 est
725 1940 952 2008 substantivum
983 1952 1037 2009 aut
1059 1943 1248 2010 adiectivum
1274 1951 1328 2008 aut
1349 1943 1510 2010 numerale
1534 1954 1585 2012 aut
1606 1949 1702 2012 inter·
1787 1962 1789 1966 ’

239 2047 309 2112 dum
331 2045 526 2114 adverbium.
693 2041 697 2048 ’

528 2235 557 2280 a.
601 2214 655 2280 Ex
685 2213 843 2280 duobus
874 2209 1150 2282 substantivis
1177 2213 1413 2300 composita.

339 2361 384 2427 Es
413 2361 624 2448 subsequente
647 2360 764 2448 pendet
783 2358 983 2446 praecedens
1011 2357 1178 2452 membrum
1202 2354 1342 2442 genitivo
1365 2361 1574 2450 saepissime‚-
1603 2363 1701 2429 raris-

236 2466 313 2531 sime
328 2465 448 2532 dativo:
475 2483 537 2551 qua
557 2464 686 2548 genitivi
710 2463 886 2548 frequentia
906 2463 1002 2538 haec,
1025 2480 1107 2548 quae
1130 2457 1165 2528 τό
1188 2462 1270 2544 ἔχειν
1293 2460 1442 2540 indicant
1468 2462 1701 2549 distinguuntur

234 2567 275 2634 ab
306 2568 472 2635 obiectivis
499 2567 671 2640 similibus,
701 2582 783 2649 qnae
810 2560 847 2629 τό
875 2560 962 2628 εἶναι.
1014 2562 1092 2627 Nam
1121 2563 1202 2626 baec
1233 2566 1444 2630 accusativum
1468 2563 1527 2632 ¹aut
1555 2559 1701 2647 dativum,

235 2671 407 2755 genitivum
431 2671 594 2735 rarissime
616 2665 744 2730 habent.
798 2662 1055 2730 Possessivorum
1085 2672 1188 2728 autem
1216 2665 1373 2748 genitivus
1396 2676 1449 2730 aut
1472 2666 1603 2753 simplex
1625 2689 1699 2756 pos-

235 2774 373 2838 sessivus
396 2781 444 2836 est
462 2778 495 2837 ut
519 2771 553 2833 iu
573 2766 801 2850 λεοντόθυμος,
826 2765 1087 2847 κυνοπρόσωπος,
1111 2769 1254 2832 calmum
1274 2769 1372 2832 leonis
1395 2769 1529 2843 babeas,
1553 2780 1606 2836 aut
1626 2790 1700 2858 par·
1783 2855 1787 2860 ἡ

179 2899 183 2904 ·
235 2873 341 2937 titivus
373 2873 422 2936 cui
452 2873 655 2938 inversione
680 2867 870 2936 adiectivum
893 2865 1056 2936 materiale
1078 2865 1230 2942 facillime
1254 2869 1462 2947 substituitur,
1489 2880 1523 2938 ut
1544 2872 1578 2940 iu
1607 2873 1699 2956 ῥοδο-

235 2972 400 3050 δάκτυλος,
422 2971 613 3057 λινοθώρηξ,
636 2974 655 3038 i.
678 2993 706 3040 e.
725 2968 786 3051 ηὐῖς
804 2969 922 3054 ἔχουσα
944 2969 1110 3048 δακτύλους
1131 2973 1165 3038 ἐκ
1184 2965 1283 3058 ῥόδων
1303 2975 1528 3054 πεποιημένους
1548 2975 1601 3040 vel
1624 2980 1721 3059 sim-p

235 3075 361 3163 pliciter
392 3080 504 3160 dipitos
530 3095 648 3141 roseos.
701 3072 808 3160 Saepe
838 3083 939 3140 autem
967 3111 1009 3120 -
1038 3091 1141 3158 neque
1172 3076 1205 3138 in
1235 3074 1295 3144 boo
1325 3093 1444 3159 genera
1474 3073 1575 3140 solum
1605 3115 1643 3125 -
1672 3082 1699 3145 si

234 3177 403 3245 membrum
428 3181 632 3265 postpositum
655 3187 702 3242 est
728 3174 955 3240 substantivum
978 3171 1124 3249 verbale,
1162 3175 1316 3244 dubitatio
1341 3179 1456 3254 oritur,
1478 3197 1597 3244 verene
1623 3182 1698 3248 sub-

234 3284 400 3348 stantivum
422 3301 465 3347 an
482 3283 576 3367 stirps
598 3277 737 3344 verbalis
757 3277 812 3340 sit:
836 3296 897 3362 qua
917 3279 949 3342 in
972 3297 1006 3342 re
1029 3275 1269 3360 significationis
1288 3297 1415 3365 quoque
1434 3281 1584 3366 ambigua
1599 3302 1698 3370 saepe

236 3386 412 3450 auctoritas
440 3392 496 3448 est.
1144 3448 1146 3452 ,
1232 3443 1244 3473 ·.

338 3489 367 3551 A
399 3484 637 3572 simplicissimis
667 3479 816 3548 exordior
846 3481 905 3556 iis,
948 3499 1077 3566 quorum
1109 3491 1271 3567 utrumque
1300 3483 1466 3549 membrum
1496 3483 1615 3570 primae
1644 3501 1698 3556 aut

236 3585 394 3654 secundae
421 3586 646 3654 declinationis
677 3596 741 3652 est:
770 3580 974 3667 λινόπτερ’
1001 3580 1144 3666 ὀχήματα
1174 3583 1225 3650 Pr.
1250 3582 1316 3650 469
1337 3588 1407 3652 alas
1430 3588 1543 3652 linteas
1567 3591 1694 3664 taleas,

236 3688 475 3772 λιυόόεσμος
502 3695 612 3774 σχεδία
639 3685 726 3752 Pers,
748 3684 792 3750 69
814 3703 841 3750 c.
870 3687 996 3750 vincula
1018 3687 1117 3752 ttateo
1145 3689 1277 3763 habetet,
1306 3686 1579 3776 κυκνόμορφοι
1607 3691 1697 3774 κόραι

235 3790 286 3857 Pr.
309 3789 375 3856 796
403 3796 545 3874 formam
573 3793 719 3858 babentes
751 3805 938 3870 munorum,
967 3787 1280 3876 ταυρόφθογγοι
1302 3797 1400 3872 Ιμῖμοι
1428 3790 1467 3858 in.
1497 3792 1555 3868 58,
1581 3797 1611 3857 7.
1644 3811 1695 3874 οη,

236 3905 405 3960 taurorum
433 3913 540 3962 vocem
568 3897 746 3965 reddentes,
786 3893 1122 3978 χαλκοκίραυρος
1151 3899 1244 3974 λίμνα
1269 3891 1425 3971 15202,
1455 3896 1476 3959 3
1507 3915 1557 3962 au.
1590 3900 1695 3962 albeis

236 3997 418 4079 fulminibus
442 4000 607 4080 praeditus
636 3994 690 4062 vel
713 3998 813 4068 diuos,
844 4011 926 4079 quae
955 3993 1146 4078 significatio
1173 4013 1264 4080 quum
1292 3997 1405 4081 optime
1428 3993 1501 4063 loco
1525 3999 1695 4064 convenire

234 4094 395 4175 videatur,
421 4117 486 4166 non
515 4094 652 4164 debebat
680 4096 869 4165 vocabulum
896 4095 935 4161 ab
966 4094 1147 4165 Hermanno
1174 4097 1207 4162 in
1233 4099 1443 4184 suspicionem
1469 4101 1591 4166 vocari.
1636 4098 1695 4166 Se-

236 4209 386 4286 quuntur,
417 4219 498 4286 quae
531 4199 737 4268 membrum
764 4196 1019 4286 praecedens
1046 4202 1198 4266 tertiae
1233 4196 1537 4268 declinationis
1566 4199 1696 4270 habant:

1357 4301 1378 4364 3
1419 4329 1425 4334 ,
