3998 4950
1755 287 1776 348 7

308 462 513 548 nazaruda
534 464 595 547 Ag.
610 463 677 528 939
696 463 901 534 conculcatio,
929 457 1152 545 *ὁπλισμός
1167 459 1226 546 Ag.
1248 461 1314 526 387
1328 479 1356 528 c.
1380 459 1487 531 Schol.
1504 467 1578 550 Lyn.
1595 477 1772 546 arctatura,

308 572 322 601 *
338 561 513 654 αχισμός
535 566 596 652 Ag.
623 564 708 633 1108
729 583 755 630 6.
780 568 908 638 scissio,
935 562 1013 629 Plut.
1036 563 1118 630 Mor.
1143 585 1174 652 p.
1199 564 1264 630 893
1288 563 1340 640 E„
1369 566 1771 652 *propalabantur

308 673 390 736 ustio
414 667 485 734 Eur.
516 678 647 754 quater,
676 669 886 754 υαλαγμός
918 667 954 732 lr.
981 669 1045 733 197
1067 669 1315 739 contaminatio,
1345 668 1610 753 *σταλαγμός
1630 673 1696 761 Spt.
1718 675 1770 748 61,

307 768 495 849 11666245,
518 793 548 840 v.
564 772 630 838 775
651 782 681 838 et
701 770 767 836 892
790 789 832 848 6.,
855 768 951 856 Soph.
975 769 1013 838 ir,
1034 769 1098 836 341
1123 767 1196 835 Eur.
1219 765 1284 834 lon.
1305 767 1386 847 351,
1411 771 1510 849 1696,
1530 773 1581 839 Ar.
1604 776 1681 843 Aah.
1704 777 1770 841 997

307 855 483 940 destillatio.
528 871 670 942 11111666
697 873 955 955 dicationis
975 871 1041 958 ‚Spt.
1064 872 1105 934 12
1127 869 1249 937 addidit
1270 870 1439 938 Hermauni
1463 875 1649 944 emendatio.

409 975 466 1040 His
492 977 632 1063 proxime
663 975 810 1042 adiacent
840 986 988 1041 neutra
1007 972 1198 1040 verbalia
1221 975 1259 1039 in
1280 960 1350 1056 μ-υ,
1381 974 1493 1059 quibus
1521 981 1614 1062 quasi
1635 981 1770 1044 transitu

305 1089 426 1146 utamur
458 1079 497 1142 ab
528 1078 697 1146 abstractis
728 1078 769 1143 ad
801 1097 840 1143 ea
868 1097 949 1162 quae
980 1097 1034 1142 res
1064 1086 1095 1144 et
1118 1096 1273 1163 personas
1303 1076 1489 1160 designant:
1522 1099 1592 1144 narn
1615 1080 1769 1147 interdum

308 1181 447 1246 aetionis
477 1180 633 1248 interdurn
665 1178 782 1246 obiecti
812 1176 1494 1263 6616666166666116661616611166666661.
1539 1180 1628 1260 Quae
1650 1182 1768 1267 signiti-

305 1285 439 1348 cationis
469 1284 666 1350 commutatio
693 1301 879 1368 quamquam
909 1301 1012 1366 neque
1045 1301 1066 1346 a
1088 1280 1227 1369 pedestri
1251 1301 1397 1348 sermone
1420 1279 1543 1360 aliena,
1573 1292 1677 1350 tamen
1704 1297 1768 1350 tra-

305 1383 443 1470 goediae
465 1385 546 1454 adeo
569 1395 695 1450 assueta
716 1395 776 1462 ast,
801 1394 832 1450 ut
855 1404 919 1450 nou
940 1386 1011 1450 sine
1036 1395 1123 1450 certo
1145 1395 1175 1450 et
1196 1385 1342 1470 quaesito
1364 1393 1520 1471 troporum
1542 1369 1679 1468 genere,
1703 1407 1767 1450 rne-

303 1489 443 1570 tonynria
479 1489 638 1562 nimirum,
684 1498 713 1552 et
750 1495 879 1552 ornatus
922 1505 1020 1553 causa
1053 1487 1169 1553 lactan
1203 1506 1274 1552 esse
1310 1487 1381 1551 iure
1418 1487 1573 1573 possimus
1602 1491 1769 1576 suspicari.

302 1588 482 1673 Aeschylus
502 1609 522 1654 a
541 1588 647 1656 verbis
665 1589 830 1675 primitivis
852 1607 907 1654 seu
928 1589 1074 1673 produxit
1099 1595 1229 1676 φέρμα
1257 1587 1332 1676 Sup.
1353 1587 1460 1655 6616.
1486 1588 1544 1672 Ag.
1568 1589 1631 1656 115
1654 1609 1682 1657 6.
1707 1592 1766 1656 Ge-

302 1703 425 1758 stoncan
447 1693 466 1756 1.
485 1711 512 1758 a.
532 1696 653 1776 fructus
677 1701 708 1756 et
731 1710 830 1764 occcts,
854 1688 1099 1775 ἀπόσκμμμα
1122 1691 1159 1761 lr.
1185 1693 1226 1758 18
1248 1689 1323 1760 Hes.
1347 1688 1519 1774 ἀπέρεισμα
1544 1695 1767 1780 (praepositio-
1869 1747 1873 1752 .

303 1813 372 1863 nem
394 1791 472 1858 nibil
496 1797 629 1874 moror),
664 1791 947 1876 *πρόστριμμα
977 1793 1038 1878 Ag.
1064 1793 1129 1858 328
1153 1814 1176 1860 c.
1196 1795 1281 1878 quod
1303 1794 1461 1876 ofllpitor,
1484 1792 1507 1858 i.
1533 1812 1561 1858 6.
1585 1795 1715 1860 dedecus
1739 1806 1766 1860 ct

302 1901 470 1968 darnnnrn,
502 1895 581 1963 Plut.
612 1893 694 1961 Mor.
724 1914 754 1979 p.
778 1893 820 1957 99
843 1911 888 1969 6.,
921 1899 1062 1978 υμῆμμα
1084 1895 1146 1978 Ag.
1168 1895 1235 1959 423
1260 1914 1286 1958 6.
1319 1896 1412 1966 cinit,
1443 1890 1574 1977 βάμμα
1596 1893 1631 1962 Ρ.
1653 1896 1717 1962 639
1740 1916 1766 1964 6.

302 2001 443 2080 toancta,
478 1994 763 2082 *πρόσφαγμα
791 1994 852 2080 Ag.
878 1995 963 2058 1237
990 2001 1160 2075 anactoria,
1193 2000 1297 2062 hostia
1325 1992 1399 2062 Eur.
1423 1993 1497 2062 1166.
1521 1993 1564 2062 41
1593 1996 1615 2062 1.
1640 1995 1677 2064 Τ.
1701 1996 1766 2061 243

301 2099 379 2164 Plut.
400 2118 498 2183 comp.
515 2095 611 2164 Thes.
634 2107 664 2162 ct
680 2095 768 2164 Rom.
791 2117 816 2164 c.
834 2099 867 2160 l:
891 2131 932 2148 -
956 2097 1049 2184 plura
1069 2119 1089 2164 a
1111 2099 1272 2166 derivatis.
1317 2098 1347 2164 A
1368 2099 1554 2164 contractis:
1577 2099 1765 2184 παροψώ-

302 2227 401 2283 νημα
422 2199 480 2286 Ag.
502 2196 585 2262 1416
606 2200 772 2262 obsonio-nc
795 2203 1018 2274 accessorium,
1041 2200 1111 2282 dol
1117 2210 1194 2284 θμμ
1202 2228 1254 2282 μα
1273 2197 1360 2264 Eum.
1375 2197 1440 2262 745
1463 2203 1653 2265 numerandi
1675 2221 1763 2264 acccc-

302 2315 350 2369 166
373 2305 394 2367 1.
415 2321 442 2366 6.
465 2319 627 2372 numerus,
651 2297 814 2382 πιότημα
838 2297 1010 2364 11666219
1033 2304 1177 2377 volutus,
1204 2301 1393 2384 ἀμβόαμα
1417 2297 1492 2365 (ibo.
1515 2301 1557 2364 33
1580 2319 1605 2366 o.
1634 2303 1763 2375 cloncor,

300 2405 508 2486 indicano
531 2400 607 2468 Cho.
624 2399 688 2468 641
713 2405 833 2475 onitas,
858 2401 1010 2466 incertum
1032 2421 1074 2466 an
1098 2402 1258 2468 abstracto
1282 2419 1379 2468 sensu
1400 2413 1621 2480 anennoeto,
1644 2429 1761 2470 κατα-

167 2523 171 2533 ·
299 2504 499 2589 σκήνωμα
518 2504 596 2571 Gho.
617 2503 682 2569 989
715 2508 841 2600 tpntorii
866 2509 1053 2580 exstructio,
1091 2503 1254 2590 σύζωμα
1287 2503 1362 2590 Sup.
1387 2501 1453 2569 445
1480 2509 1639 2579 cinctura,
1669 2505 1764 2570 cxi-

299 2634 414 2693 φωμα
444 2608 487 2676 ir.
511 2606 574 2672 194
607 2627 636 2671 6.
661 2627 690 2689 q.
713 2606 854 2688 ἴσκὸμοςι
890 2603 974 2670 6666
998 2608 1091 2670 etiarn
1118 2607 1329 2690 sdiauupa
1358 2603 1433 2670 Cho.
1454 2607 1519 2671 889
1541 2609 1765 2673 iusiurandum

299 2723 448 2778 sanction.
481 2706 565 2795 quod
595 2706 736 2792 quamvis
766 2705 928 2793 compositi
958 2708 1095 2794 speciem
1118 2707 1237 2774 babeat
1267 2706 1309 2774 ad
1338 2705 1467 2774 verbum
1497 2717 1599 2774 tamen
1627 2706 1763 2794 siconia

298 2831 363 2877 non
387 2813 532 2876 usitatum
553 2807 631 2874 illud
653 2807 710 2872 sed
730 2807 909 2894 fingendum
932 2819 963 2874 et
984 2811 1223 2898 supponendum
1246 2811 1391 2896 respicit,
1418 2820 1451 2875 ut
1469 2809 1566 2876 multa
1588 2811 1679 2878 huius
1704 2831 1761 2895 ge·

298 2915 385 2980 neris
414 2907 558 2990 nonina3
592 2929 702 2998 porro,
744 2910 966 2998 *αυὶραωμα
998 2912 1073 3000 Sup.
1103 2915 1167 2979 971
1198 2916 1338 2998 frucncs,
1372 2911 1463 2978 LXX
1492 2910 1591 2979 Exod.
1617 2913 1674 2990 29,
1698 2910 1761 2988 25,

299 3019 510 3099 *dispono
534 3014 567 3080 P.
588 3012 663 3081 745.
686 3011 782 3100 Soph.
813 3012 851 3079 ir.
873 3013 918 3076 27
942 3035 1080 3098 cornpes,
1112 3023 1298 3101 χαίτωμα
1328 3013 1393 3100 Spt.
1419 3013 1484 3078 366
1509 3017 1762 3097 capillamentum

298 3119 451 3202 (paleae),
485 3115 670 3198 *δόλωμα
702 3113 779 3180 Cho.
802 3115 867 3180 983
895 3115 975 3180 Aen.
1002 3115 1140 3184 Poliorc.
1172 3137 1198 3184 6.
1221 3119 1243 3182 8
1273 3117 1382 3182 callide
1408 3121 1577 3182 inuentum.
1622 3117 1647 3182 A
1675 3114 1761 3204 puris

297 3241 362 3288 non
392 3219 564 3285 contractis
594 3217 785 3304 *γήρυμα
812 3214 1181 3286 1166558666Ρ161.
1211 3239 1287 3286 mor.
1317 3239 1345 3305 p.
1369 3218 1434 3283 978
1463 3217 1521 3295 A..
1551 3219 1760 3303 μητροκτόνου

297 3330 452 3408 φίτυμα
479 3322 541 3408 Ag.
573 3321 658 3386 1239
687 3321 827 3391 suboles,
864 3317 1069 3404 χάλκευμα
1101 3323 1152 3390 Pr.
1178 3323 1220 3387 19
1252 3320 1328 3386 Cho,
1353 3321 1418 3386 570
1447 3320 1482 3388 τὸ
1511 3325 1760 3405 κεχαλκευμένον,

296 3425 474 3510 νόμευμα
496 3426 558 3508 Ag.
584 3425 669 3488 1377
688 3423 782 3506 pecus
807 3437 866 3486 neo
888 3440 966 3487 voro
984 3427 1092 3506 pastio
1127 3434 1159 3490 ut
1180 3422 1397 3500 Blombeldus‚
1425 3425 1670 3506 πόρθμευμα
1699 3425 1761 3507 Ag.

298 3524 383 3594 1525
407 3548 458 3595 66.
482 3529 568 3592 locas
590 3527 846 3600 transactionis,
876 3522 1107 3609 κηρύκευμα
1137 3525 1202 3616 Spt.
1222 3527 1288 3592 632
1313 3529 1538 3610 praeconium:
1572 3535 1678 3590 cetera
1701 3524 1759 3590 ab·

299 3634 421 3696 stractis
441 3631 597 3718 proxima:
622 3627 855 3712 μαμῆλευμα
875 3623 949 3690 Cho.
972 3626 1081 3704 6146.
1103 3633 1249 3716 captiae,
1273 3629 1360 3694 cuius
1383 3627 1565 3713 primitivum
1589 3647 1653 3692 non
1676 3629 1758 3703 novt

297 3729 510 3814 σκώπευμα
538 3732 578 3798 ir.
599 3734 643 3796 77
672 3733 801 3798 saltatio
831 3728 996 3804 σκωπός.
1041 3730 1068 3795 A
1096 3732 1202 3796 nutis:
1231 3735 1409 3812 κίυυμμα
1430 3727 1479 3794 Pr.
1504 3730 1578 3797 157.
1607 3749 1656 3794 ces
1679 3747 1761 3811 anae

296 3843 460 3905 mouetur,
496 3837 734 3919 *παίφυγμα
768 3830 835 3918 Spt.
864 3829 930 3894 263
962 3833 1083 3897 clamor
1111 3830 1298 3898 vocabulum
1330 3833 1433 3917 poetis
1465 3827 1692 3895 Alexandrinis
1729 3839 1759 3896 ct

299 3957 406 4006 eorum
427 3937 651 4021 interpretibus
674 3938 837 4011 usitatum,
858 3931 1053 4017 pioaypa
1078 3931 1278 4022 86661964.
1300 3936 1444 4007 manto,
1467 3931 1760 4016 ἔμπαλάμμαυα

298 4036 372 4124 Sup.
394 4041 460 4108 282
489 4041 674 4122 amplecto,
702 4037 785 4124 quod
813 4035 855 4101 ab
888 4033 1069 4101 Hermanno
1099 4055 1138 4101 ex
1169 4035 1299 4101 scholiis
1328 4043 1359 4099 et
1375 4033 1521 4122 Hesycbii
1550 4033 1661 4120 glossa
1688 4054 1758 4104 cor·

298 4149 390 4232 rupta
410 4140 688 4228 (ἔμπαλοιῖγματα,
708 4143 742 4206 ur‘
765 4141 928 4223 166616καῦ
954 4135 1175 4202 emendatione
1197 4131 1365 4225 repositum
1388 4148 1444 4216 esi,
