3998 4950
319 343 360 411 14

312 531 422 598 icant:
456 532 676 615 *οἰχμυείς
697 527 785 595 Pers.
811 528 874 593 136
898 546 924 594 ο.
946 531 1092 594 hastatus
1114 525 1193 616 Opp.
1218 527 1295 614 Cyn.
1323 527 1380 607 lll,
1405 530 1495 606 321„
1526 532 1781 612 *οὶθμυυοοῐς

312 633 412 724 πόρος
444 634 482 700 fr.
505 636 547 697 71
571 653 599 700 c.
624 631 702 719 Opp.
724 629 793 696 Hal.
814 629 873 708 ΙΙΙ,
895 630 985 706 382.,
1012 627 1170 708 silvosis
1201 629 1334 715 οόρανός
1365 633 1403 700 fr.
1428 630 1580 733 ‘bb—lecto
1611 637 1781 734 instructos

310 736 330 803 i.
353 757 379 800 e.
408 741 509 819 μυχοῖς
532 735 670 818 φιλότητι
692 741 745 799 καὶ
765 733 845 824 slep.
897 735 1027 797 Restant
1046 734 1076 797 3.
1099 743 1130 800 et
1150 731 1181 797 4.
1205 734 1363 800 adiectiva
1386 735 1419 799 in
1443 745 1523 817 ωδνς
1553 746 1584 802 et
1612 763 1687 820 ηρης
1716 739 1782 802 sive

313 824 389 925 ἷρῖς
417 841 571 906 exeuntia.
623 835 744 913 Quibus
770 837 801 899 in
828 833 1101 903 terminationibus
1125 855 1217 920 quum
1239 837 1386 921 integrae
1411 841 1559 905 notiones
1586 839 1782 933 delitescant,

314 951 444 1030 possent
464 940 546 1004 haec
561 937 718 1006 vocabula
740 935 848 1022 aliquo
870 939 939 1004 inre
955 939 1044 1002 inter
1063 939 1236 1024 composita
1257 939 1388 1010 referri,
1411 944 1475 1006 nisi
1493 943 1526 1007 in
1545 945 1684 1029 utrisque
1701 961 1784 1006 com-

312 1045 480 1134 positionis
514 1051 591 1123 nota
619 1043 681 1106 iarn
711 1039 781 1104 iere
812 1042 964 1106 exstincta
994 1049 1086 1106 esset.
1138 1039 1417 1123 *incoeptione
1444 1039 1483 1127 ἦρ
1511 1043 1560 1112 Pr.
1590 1043 1675 1121 456,
1711 1041 1785 1108 Eur.

256 1137 261 1142 ”
313 1141 515 1216 iterumn.
551 1144 603 1208 Ar.
632 1143 713 1208 Rau.
738 1141 812 1208 450.
866 1143 1000 1208 Alterius
1028 1144 1257 1211 terminationis
1286 1153 1374 1209 tanta
1401 1154 1449 1210 est
1477 1147 1672 1232 frequentia,
1701 1156 1784 1210 uta

316 1245 503 1317 Plombeldo
526 1248 739 1332 interpositae
762 1243 895 1312 delicias
914 1249 982 1312 iure
1005 1246 1172 1312 referatur.
1217 1245 1401 1333 Propagata
1424 1247 1465 1313 ab
1490 1249 1657 1316 adiectivis
1678 1249 1785 1314 vicina

316 1362 387 1419 sunt
411 1349 592 1438 primitivis:
634 1347 823 1432 λευκήρης
853 1352 933 1431 θρίξ
959 1348 992 1413 P.
1015 1348 1101 1414 1025
1128 1368 1154 1414 c.
1186 1350 1359 1422 albescens,
1396 1353 1641 1435 antecessione
1670 1350 1785 1435 χρόνος

317 1455 421 1522 Eum.
444 1450 509 1517 755
532 1454 719 1534 lonpoeons,
753 1477 797 1514 να
804 1449 875 1534 χυή
883 1476 950 1533 ρης
972 1449 1047 1534 όχος
1067 1450 1142 1537 Sup.
1163 1452 1206 1515 31
1231 1470 1282 1516 an.
1309 1453 1404 1526 celer,
1436 1451 1482 1518 nil
1505 1462 1682 1540 praeterea.
1729 1449 1784 1516 llis

246 1558 248 1562 ’
308 1559 493 1645 ,proximum
519 1551 635 1628 ueteri
642 1578 711 1635 ρης
741 1558 887 1630 κέλευθος
918 1553 951 1619 P.
972 1554 1035 1619 561
1057 1574 1084 1620 c.
1108 1557 1290 1636 campestris
1300 1575 1309 1629 ;
1340 1554 1397 1619 sed
1420 1558 1454 1622 in
1474 1555 1606 1643 reliquis
1637 1575 1718 1642 quae
1742 1553 1783 1620 ad
1874 1563 1878 1568 “

321 1643 520 1726 substantiva
541 1656 712 1740 respiciunt
732 1653 824 1721 verbi
851 1656 917 1744 όρω
939 1658 1024 1723 notio
1049 1656 1172 1742 gliscit:
1203 1654 1439 1740 όρμοξόρης
1465 1659 1585 1742 θρόνος
1607 1660 1669 1744 Ag.
1692 1661 1783 1732 1013,

319 1759 446 1840 noceri
454 1783 522 1846 ρης
551 1762 635 1834 νηοῖς
667 1755 741 1823 uno.
764 1757 829 1822 265
852 1779 881 1824 ο.
908 1763 977 1842 pice
999 1762 1140 1824 obiitne·
1165 1758 1203 1824 ’A
1211 1758 1255 1839 νή
1263 1785 1333 1846 ρης
1359 1779 1436 1825 vero
1461 1761 1498 1826 ir.
1521 1763 1715 1848 231,Etym.
1739 1761 1781 1826 M.

319 1863 490 1944 ἀνάνδρους
520 1858 658 1943 ἢχόρας
688 1860 705 1936 ἢ
730 1866 927 1948 παρθένους,
956 1861 1131 1928 Favorinus
1160 1859 1375 1943 ἀνάρμοστος,
1404 1882 1479 1929 vere
1504 1868 1706 1951 compositum
1729 1874 1783 1941 est,

317 1974 350 2034 ut
373 1967 480 2032 omnia
502 1982 632 2048 quorum
650 1965 738 2049 prior
760 1982 835 2049 pars
860 1974 907 2030 est
928 1963 1087 2050 particula
1116 1963 1171 2045 (cf.
1192 1961 1326 2029 Lobeck
1349 1962 1370 2029 l.
1391 1963 1413 2029 l.
1433 1985 1463 2049 p.
1483 1966 1572 2050 268).

400 2094 604 2172 ¹Clausulam
644 2093 870 2162 adiootivornm
909 2095 992 2162 addo
1028 2094 1274 2180 comparationis
1310 2095 1427 2160 formas
1468 2099 1638 2165 nonnullas
1673 2104 1782 2186 singn-

319 2200 406 2266 lares
433 2219 536 2285 neque
566 2199 643 2265 alibi
671 2209 831 2286 repertas:
869 2203 1067 2278 βέλτατον
1095 2195 1184 2260 Eum.
1203 2194 1282 2260 480.
1314 2195 1389 2282 Sup.
1412 2198 1496 2263 1026
1522 2219 1567 2278 ο.,
1606 2201 1785 2268 ineante

317 2323 375 2389 pro
400 2301 529 2392 ἔγγιστα
552 2303 589 2367 ir.
613 2303 670 2378 67,
701 2299 998 2385 κυντερώτερος
1029 2309 1058 2364 oi
1086 2297 1458 2384 svveepuitneoctfr.
1483 2299 1562 2378 407,
1592 2305 1784 2386 μειζονώ·

306 2389 451 2488 Χτερος,
480 2401 805 2487 incanescente
827 2409 934 2467 τεκαὶ
961 2399 1217 2486 χερειότερος
1243 2407 1295 2467 καὶ
1318 2399 1505 2488 (inlaesos
1525 2409 1577 2468 nni
1598 2406 1783 2470 πλειότε·

321 2532 390 2591 ρος
414 2506 451 2572 ir.
474 2504 553 2583 453,
580 2523 709 2591 quorum
732 2513 829 2569 testes
851 2501 976 2569 exhibet
1001 2501 1207 2570 Hermaunus.

654 2774 680 2858 §.
703 2775 734 2838 3.
778 2771 814 2838 Β.
846 2773 898 2838 De
927 2774 1166 2838 nominibus
1201 2775 1452 2854 compositis.

423 2972 502 3042 Huic
531 2979 630 3065 parti,
664 2979 698 3042 in
726 2995 788 3061 qua
818 2976 933 3062 tragici
960 2977 1113 3040 sermonis
1143 2973 1243 3040 robur
1273 2971 1427 3049 cernitur,
1460 2982 1533 3038 ante
1564 2972 1670 3040 omnia
1697 2987 1784 3044 recta

322 3077 521 3144 distinctione
554 3099 632 3167 opus
664 3088 709 3146 est
737 3081 770 3143 in
798 3088 886 3146 tanta
909 3078 1159 3145 terminationem
1183 3086 1213 3142 et
1239 3075 1460 3162 compingendi
1486 3076 1654 3144 ‚modorum
1677 3083 1783 3147 varie-

321 3189 397 3246 tate.
442 3177 576 3248 Veteres
599 3191 700 3248 antem
724 3184 945 3267 grammaticos
970 3177 1071 3245 solam
1094 3179 1161 3246 iere
1187 3182 1420 3245 commissuram
1443 3189 1643 3266 spectantes,
1666 3175 1782 3248 reetain

324 3279 535 3349 distinctionis
564 3287 720 3350 rationem
750 3294 873 3350 constat
900 3303 964 3351 non
989 3284 1159 3348 invenisse.
1203 3281 1282 3346 Nam
1309 3291 1441 3366 quatuor
1465 3278 1675 3370 componendi
1700 3282 1784 3362 modi

323 3403 413 3470 quos
433 3385 501 3452 fere
530 3396 662 3472 ponunt,
693 3406 729 3451 ex
757 3385 878 3452 duobus
900 3386 1033 3470 integris
1057 3383 1220 3450 vocabulis
1252 3384 1491 3468 (otiosaeque,
1521 3383 1717 3470 όυόθυμος),
1746 3407 1785 3454 ex

323 3485 444 3552 dnobus
470 3491 625 3574 corruptis
647 3492 692 3568 tut
713 3489 866 3574 ἔρρυχος,
888 3486 1107 3570 intendentes),
1138 3507 1175 3554 ex
1198 3496 1343 3574 corrupto
1368 3497 1399 3552 et
1420 3489 1543 3572 integro
1567 3491 1614 3570 (ut
1633 3489 1784 3572 οἰνοχόη),

323 3608 360 3654 ex
390 3587 514 3674 integro
544 3599 574 3655 et
602 3599 746 3677 corrupto
781 3598 827 3667 (nt
855 3590 1072 3675 ὀνομόκριτος,
1104 3590 1274 3674 λοόοοοος,
1302 3589 1475 3668 tenderent:
1504 3592 1573 3674 quis
1596 3598 1643 3656 est
1665 3593 1718 3675 qui
1739 3591 1786 3658 sic

321 3700 407 3776 putet
429 3691 689 3777 productionibus
712 3692 868 3760 vocalium
897 3702 927 3758 et
953 3711 1159 3759 consonarum
1188 3693 1222 3757 in
1245 3695 1452 3759 commissura
1476 3677 1704 3759 assimilatione
1730 3715 1783 3763 ra-

322 3795 439 3859 tionem
466 3793 673 3860 membrorum
704 3807 733 3861 et
763 3796 1024 3880 significationem
1056 3799 1149 3862 totius
1173 3795 1322 3862 vocabuli
1348 3803 1419 3880 apte
1442 3813 1536 3879 posse
1558 3792 1759 3862 determinari
1767 3795 1783 3860 i

323 3891 433 3981 Neque
452 3895 558 3963 ‘multo
592 3896 790 3984 probabilius
821 3899 1014 3964 recentiores
1046 3897 1251 3966 distinxerunt
1285 3915 1323 3962 ex
1352 3895 1494 3983 partibus
1529 3898 1699 3972 orationis,
1743 3895 1784 3961 ad

323 4017 401 4083 quas
431 3998 559 4084 singola
590 4001 754 4087 compositi
783 3998 922 4064 membra
950 4004 1134 4086 pertineant.
1177 3997 1300 4084 Optime
1323 4017 1400 4066 vero
1423 3995 1566 4064 ludorum
1590 4000 1786 4081 grammatici

324 4103 561 4188 compositionis
588 4103 729 4168 rationes
756 4109 786 4165 et
816 4098 907 4185 leges
939 4122 1001 4168 uon
1027 4105 1074 4168 sui
1101 4110 1216 4168 tantum
1250 4099 1308 4165 sed
1329 4100 1456 4167 humani
1480 4100 1634 4166 sermonis
1655 4119 1784 4188 perspe-

323 4211 449 4282 xerunt,
482 4222 611 4288 quorum
642 4201 770 4269 ordines
802 4223 894 4289 quum
924 4203 959 4271 G.
986 4203 1148 4271 Curtius
1181 4205 1214 4269 in
1246 4207 1454 4288 grammatica
1481 4198 1599 4273 sobolis
1628 4201 1788 4272 destinata
