3998 4950
331 563 462 638 equum¹
485 547 623 637 dominii
653 544 837 626 indicame,⁴⁸
854 547 924 634 quis
942 557 1002 614 est
1031 549 1084 636 q'ui
1112 565 1177 615 non
1198 541 1344 617 conseret
1370 548 1552 618 vomendum
1580 570 1659 619 esse
1678 543 1796 638 μωαοα

332 655 511 740 e'pcordmi
554 651 730 737 Aeschylus
760 651 792 717 in
816 649 939 717 duobus
967 651 1044 738 quid
1063 651 1126 718 sibi
1146 650 1423 720 licerettentauit:
1443 653 1704 740 δορικράνου
1721 653 1798 740 κόμα
1881 674 1888 682 ·
1994 661 1995 686 ¹

333 782 391 842 ras
417 754 514 840 ἰορός1
537 754 571 819 P.
602 753 667 820 147
692 773 736 831 c,
772 751 860 840 'quod
897 752 1098 821 Blomfieldus
1135 763 1166 820 at
1194 753 1393 823 Wellatrorue
1430 757 1604 840 incogitata
1637 766 1798 824 verterunt

301 875 313 885 ““
331 861 444 926 dostoe
467 861 591 941 cuspide
608 855 776 941 praedece
798 859 888 937 (nam
906 855 989 922 haec
1012 867 1097 924 certe
1117 858 1223 944 cuspis
1243 859 1348 942 ίίρνωο
1370 859 1482 937 foret),
1503 867 1589 925 recte
1606 877 1686 924 vero
1703 857 1799 925 sclo-

333 961 445 1028 liastes
464 957 623 1026 intellexit
644 961 679 1026 ἐκ
699 963 827 1044 κρανίοο
847 959 939 1036 §iton
961 957 1074 1044 οόσης,
1096 960 1188 1047 quasi
1214 957 1373 1028 diceretur
1392 957 1584 1045 κρανόιίορος
1606 957 1685 1040 ’,,61ο
1708 960 1797 1028 hart.

334 1063 630 1148 riegelhdlzerne;“
668 1071 700 1128 et
718 1058 995 1144 1ιιλοοτορθοόν
1023 1061 1142 1149 κόρινος
1171 1061 1248 1130 Εοω
1279 1059 1351 1131 aad.
1381 1083 1408 1130 c.
1428 1068 1559 1148 >froctae
1588 1055 1643 1148 qai
1671 1065 1799 1130 divitiae

334 1177 408 1232 sulti
438 1177 549 1232 letitie.

698 1353 731 1420 2)
756 1349 945 1406 Membrum
972 1366 1102 1422 regens
1126 1331 1182 1406 ost
1206 1353 1432 1410 adiectirum.
1460 1435 1462 1440 ι
1534 1387 1537 1396 .

435 1486 503 1554 Hoc
523 1507 623 1572 genus
645 1489 876 1575 grammaticis,
897 1497 930 1553 ut
954 1486 1093 1566 videtur,
1122 1488 1223 1554 minus
1246 1488 1462 1567 observatum,
1489 1487 1583 1555 certis
1603 1485 1799 1554 tamenllni·
1851 1493 1856 1502 '

332 1589 392 1654 bus
410 1588 685 1656 circumscribitur.
729 1588 860 1655 Scilicet
882 1609 923 1655 ea
942 1599 1059 1655 tantum
1081 1587 1265 1670 adiectiua‚¹
1279 1609 1361 1678 quae
1383 1595 1517 1659 relativa
1536 1595 1707 1667 vocantur·
1719 1588 1798 1655 sub-

333 1693 499 1758 stantivum
522 1700 653 1779 possunt
672 1693 857 1778 praeposita
882 1711 1016 1778 regere,
1045 1691 1129 1758 velut
1149 1693 1235 1774 ἶσος,
1263 1693 1399 1779 ἐχθρός,
1430 1697 1537 1788 φίλος,
1566 1695 1669 1774 κενός,
1697 1689 1795 1776 ἄξιος,

329 1791 458 1876 desuper
488 1804 545 1861 eto.
607 1793 698 1861 Certe
728 1793 909 1879 Aeschyleo
950 1797 983 1859 in
1012 1795 1062 1873 iris
1103 1794 1172 1860 iere
1205 1805 1390 1862 versantur:
1434 1795 1645 1882 ἰσόνειρος
1664 1819 1667 1830 ·
1686 1791 1794 1878 όλιρο-

331 1901 443 1978 δρονίο
471 1895 521 1962 Pr.
544 1884 610 1962 547
632 1917 659 1962 ο.
689 1901 812 1962 somnio
842 1899 970 1970 similis,
1001 1894 1166 1972 ἲσόιιοις
1194 1896 1257 1983 Ag.
1282 1899 1328 1962 75
1356 1917 1422 1977 an,
1458 1897 1710 1984 ἰσόπρεσβυς
1735 1897 1795 1982 Ag.

330 1998 374 2063 78
403 2017 471 2077 am,
499 1997 729 2084 ίσόρρορος
755 2005 841 2079 κηκὶς
868 1997 1033 2083 πορφύρας
1059 1998 1119 2082 Ag.
1141 1998 1206 2064 926
1238 1997 1377 2077 (diversa
1405 2009 1475 2065 suni
1499 1997 1657 2087 ἰσόψυχον
1682 1997 1796 2084 κρότος

330 2108 362 2166 ct
379 2099 538 2185 ἰσοτριβής
568 2120 650 2186 quae
664 2099 769 2167 'antea
792 2099 1321 2184 6ο1νοίοιοε);“ιίιιοιρόίακρος
1341 2105 1453 2185 καρδία
1481 2100 1557 2188 Sup.
1576 2101 1670 2194 661ο.
1697 2107 1794 2185 tmpe-

329 2204 428 2268 ritum
449 2205 682 2286 lacrymarum,
705 2201 918 2286 ἀξιόμισον
942 2202 1039 2280 ἔθνος
1062 2203 1147 2268 Εοω.
1170 2201 1235 2266 358
1256 2219 1282 2268 ο.
1309 2203 1382 2267 odio
1408 2203 1540 2290 dipuus,
1568 2203 1795 2288 *sparare-

332 2327 397 2380 νος
421 2301 545 2388 reddor
563 2305 679 2372 πόντοι
702 2303 754 2372 Pr.
776 2307 856 2383 728,
881 2305 955 2371 Eur.
977 2303 1047 2390 Alc.
1067 2304 1132 2370 561
1159 2307 1287 2370 aduenis
1310 2307 1453 2380 inimico,
1477 2309 1696 2390 κένανδρον
1716 2303 1795 2372 dore

329 2402 364 2470 Ρ.
388 2407 453 2469 117
478 2425 504 2470 c.
533 2410 610 2470 ciris
636 2425 759 2486 cocao,
789 2406 1010 2490 κενόρρονα
1034 2403 1230 2488 βουλεύματα
1255 2404 1307 2472 Pr.
1329 2407 1394 2473 763
1421 2427 1515 2474 sensa
1539 2411 1697 2491 carentia,
1724 2432 1793 2491 με·

329 2501 503 2582 σάκκους
524 2504 639 2586 νήσους
661 2505 781 2574 Ρι875
808 2526 835 2575 c.
866 2509 986 2573 medias
1014 2509 1098 2572 inter
1125 2509 1237 2582 litora,
1268 2507 1528 2597 ἀωρόνυκτον
1550 2508 1699 2592 ἀμβόαμα
1720 2509 1794 2576 Cho.

329 2607 374 2672 33
401 2625 445 2684 a,
477 2607 497 2673 i.
525 2619 575 2695 q'u.
603 2608 701 2675 Arist.
732 2608 816 2676 liccl.
844 2609 908 2676 741
939 2610 1015 2676 dixit
1046 2609 1127 2696 dmpi
1155 2609 1274 2699 νοκτιόρ
1300 2616 1550 2696 intempestiuum
1575 2621 1681 2698 coctu.
1731 2609 1794 2678 ldis

330 2713 522 2780 enumeratis
540 2729 604 2777 non
625 2712 739 2798 poterit
758 2711 955 2778 formationis
978 2723 1064 2781 certe
1087 2731 1187 2778 causa
1214 2712 1405 2800 reprehendi
1426 2715 1583 2802 scriptura
1603 2713 1793 2803 πατροφόνῳ

328 2818 399 2900 χερὶ
423 2817 485 2880 τῶν
511 2817 829 2902 κρεισσοτέκνων
858 2813 1006 2898 ὀμμάτων
1034 2815 1201 2900 ἐπλάγχθη
1230 2813 1296 2902 Spl.
1318 2815 1384 2882 765
1405 2835 1433 2882 c.
1483 2813 1560 2882 Nam
1583 2816 1613 2881 si
1634 2813 1792 2893 ίσότεκιός

328 2911 491 2993 laudatur,
522 2934 580 2980 cur
608 2914 840 3002 κρεισοόκεκνος
866 2937 931 2984 non
956 2917 1136 2987 toleratur?
1157 2979 1161 2992 .
1185 2915 1308 2984 Sensus
1335 2927 1438 2986 tamen
1469 2937 1566 2987 causa
1593 2915 1792 2984 Hermannus

329 3025 414 3082 certa
439 3015 659 3084 emendatione
682 3017 745 3083 sibi
765 3019 921 3087 visus'est
946 3021 1090 3107 posuisse
1113 3024 1406 3103 καρσοιὲκνων,
1433 3023 1608 3109 respiciens
1630 3020 1673 3087 ad
1692 3019 1791 3110 Soph.

327 3114 364 3185 0.
391 3116 429 3184 T.
461 3120 563 3199 1273,
597 3118 636 3184 de
666 3139 728 3207 quo
756 3122 829 3190 loco
858 3121 1117 3192 Schneidewinus
1145 3119 1307 3192 disserens
1335 3128 1645 3208 ρρισσοκέκνων
1673 3143 1789 3209 propo·

328 3222 400 3286 snit.
430 3257 472 3272 —
519 3221 699 3312 Composita
731 3239 804 3292 cum
837 3233 963 3310 prto—
1001 3234 1031 3291 et
1069 3222 1136 3290 alia
1169 3223 1323 3292 nonnulla
1357 3227 1440 3292 inter
1465 3223 1612 3293 verbalia
1638 3216 1815 3305 relegare

232 3377 237 3386 ,
327 3319 472 3408 praetuli.
1313 3311 1322 3328 ⁸

693 3496 724 3564 3)
748 3493 936 3552 Memhrum
960 3482 1090 3568 regens
1115 3496 1255 3552 verbum
1279 3495 1380 3565 σοι’),
1424 3575 1427 3582 Ι
1503 3529 1506 3534 -

393 3665 398 3670 -
429 3624 477 3692 De
505 3626 626 3713 regulis
661 3628 862 3695 formationis
897 3631 1040 3718 exposuit
1072 3627 1205 3696 Loheok
1239 3628 1273 3696 in
1308 3625 1464 3694 addendis
1502 3624 1544 3690 ad
1578 3622 1788 3708 Phrynicharn

325 3747 355 3814 p.
375 3726 443 3793 767
463 3714 505 3796 s's.
534 3729 702 3798 exordiens
724 3752 747 3798 a
767 3741 938 3818 praecepto
962 3729 1020 3797 Ori
1041 3728 1139 3816 Etym.
1166 3752 1196 3817 p.
1221 3729 1295 3797 662.
1339 3729 1506 3798 δυσοσμίαν
1521 3745 1550 3792 -a
1571 3727 1669 3814 stirpe
1692 3746 1791 3814 prae«

324 3899 683 3917 ——--———-

377 4003 406 4073 1)
426 4001 569 4072 Multiplex
596 4003 629 4058 do
654 4005 955 4078 hie'grammaticornm
982 4003 1125 4060 dissensio.
1168 4002 1371 4058 infelicissimus
1399 4003 1515 4055 omnium
1538 3999 1736 4055 Dintzorus
1759 4001 1789 4053 im

427 4088 499 4142 libro
530 4087 600 4155 „die
617 4089 773 4146 lateinischc
794 4088 993 4160 llortlrildung
1008 4089 1062 4145 und
1082 4089 1291 4158 Composition“
1318 4101 1344 4156 p.
1366 4090 1414 4144 193
1433 4090 1461 4140 et
1479 4087 1544 4150 196,
1568 4087 1615 4154 qui
1638 4082 1707 4139 haec
1724 4102 1787 4154 pos-

383 4171 394 4182 '
432 4175 542 4228 ιοοαίοίο
559 4173 736 4229 adnumerans
752 4173 903 4242 ἐνοσίχθων
919 4189 960 4228 ex.
978 4189 1019 4244 gr.
1037 4176 1231 4244 interpretatur
1255 4171 1321 4238 „die
1341 4165 1413 4224 Erde
1438 4185 1497 4224 zum
1515 4170 1628 4224 Stossen
1645 4167 1788 4224 habend.“

429 4257 573 4329 Ingeniosa
598 4257 752 4315 lacobus
772 4255 896 4315 (irimrn
915 4257 952 4325 ll,
969 4275 997 4330 p.
1015 4259 1069 4318 960
1090 4260 1119 4312 in
1143 4262 1221 4327 parte
1236 4256 1342 4314 verbali
1358 4253 1500 4310 secundam
1521 4254 1674 4324 imperativi
1693 4264 1788 4322 perso-
