3998 4950
1649 298 1694 364 35

226 466 367 556 pendere
392 474 422 532 ιι
450 427 573 530 dativus
600 460 865 528 instrumentalis:
893 461 944 530 sin
968 463 1154 542 neutraliter
1183 477 1237 536 aut
1269 469 1412 556 passive,
1452 490 1577 562 semper
1607 479 1690 568 dati-

226 590 284 638 vus
318 565 443 654 pendet.
493 565 560 633 Sed
595 583 698 649 neque
735 583 774 629 ex
808 561 1036 634 commissura·
1048 563 1153 686 neque
1190 589 1229 636 ex
1266 573 1484 640 terminatione
1521 579 1690 668 quidquam

228 669 267 738 de
288 669 520 754 significatione
543 664 737 734 concludere
755 677 840 735 certo
861 687 1044 756 possumus,
1064 672 1128 738 nisi
1143 670 1227 758 quod
1248 675 1401 742 nonnulla
1423 690 1555 747 accentu
1577 683 1689 752 distin-

226 785 363 858 guuntur
385 773 426 840 cl.
448 768 529 836 Lob.
553 768 595 835 ad
616 767 668 836 Αἰ.
690 789 721 836 ι.
744 769 819 860 324.
1771 850 1778 859 .

324 872 506 992 Persequar
528 891 568 938 ea
589 891 671 958 qnae
691 853 927 952 accusativum,
950 883 1029 956 tum,
1054 892 1135 960 quae
1160 873 1296 942 dativum
1310 875 1437 961 babent
1481 880 1561 947 Ante
1585 889 1691 954 omnia

225 985 327 1042 tamen
342 977 453 1063 paucis
471 975 678 1062 singulariter
700 983 730 1041 ιι
752 976 901 1042 inusitate
920 974 1100 1062 compositis
1117 973 1222 1041 locum
1237 976 1331 1062 dabo,
1353 999 1451 1066 quae,
1476 1001 1504 1046 sn
1494 981 1689 1067 solvuntur,

223 1077 381 1146 nominale
409 1078 578 1146 membrum
607 1074 776 1145 ostendunt
805 1080 999 1144 nominativo
1027 1075 1284 1162 intelligendum:
1315 1080 1540 1148 substantivum
1571 1086 1688 1169 βριθές

224 1179 502 1258 ὁπλιτοπάλας
535 1180 574 1248 lr.
595 1177 662 1245 464
691 1181 745 1258 (ιιι
767 1177 897 1262 elegiis)
925 1182 945 1246 i.
969 1199 995 1245 e.
1023 1177 1042 1244 <i
1071 1188 1213 1248 παλαίων
1241 1181 1371 1263 ὁπλίτης
1398 1182 1457 1266 ὤν,
1498 1184 1579 1251 haec
1609 1193 1690 1259 enim

227 1281 325 1367 Papei
351 1283 569 1370 interpretatio
598 1288 741 1368 praestat
770 1297 850 1365 prae
877 1279 1151 1346 Plutarchiana
1133 1309 1151 1349 ο
1175 1282 1225 1350 δια
1254 1284 1357 1368 daton
1388 1284 1501 1364 δοινόςε
1532 1287 1692 1358 adiectiva

226 1379 461 1466 α’νιιροθντὶς
488 1381 600 1469 φθορά
620 1381 680 1468 Ag.
702 1383 767 1447 781
789 1381 874 1468 quod
896 1381 1078 1450 vertendum
1102 1394 1150 1450 est
1166 1390 1320 1484 peruiam
1347 1407 1413 1469 poa
1432 1391 1615 1455 moriautur
1632 1395 1690 1457 tn-

226 1488 324 1549 mittes
356 1487 432 1571 quia
462 1485 592 1567 θνήσκω
620 1493 762 1550 neudum
795 1494 857 1562 est,
890 1482 1117 1570 detonante
1147 1490 1274 1566 πέλεκυς
1304 1486 1379 1553 Cho.
1401 1478 1466 1552 877
1488 1492 1592 1574 λοιμός
1613 1491 1690 1582 Sup.

226 1583 340 1650 6520.
364 1585 441 1671 τύχη
461 1586 550 1654 Eum.
573 1584 688 1652 9430.
711 1582 839 1670 μόχθος
860 1583 947 1652 Eum
970 1585 1052 1664 247,
1074 1585 1171 1654 simili
1192 1588 1440 1678 significatione,
1465 1595 1691 1674 desponsari

225 1684 334 1752 adden
360 1683 433 1774 Sup.
450 1693 513 1756 161
539 1709 566 1757 c.
590 1691 629 1754 ob
654 1709 735 1774 qaae
757 1691 919 1772 tacrpmae
941 1692 1069 1764 cadant,
1092 1690 1334 1774 μονοοτιβῆς
1353 1689 1429 1758 cho.
1443 1691 1508 1758 755
1529 1697 1584 1776 qni
1604 1699 1690 1764 solas

226 1791 349 1876 incedit,
369 1795 553 1873 μέσακτα
572 1788 689 1873 πλευρά
712 1789 750 1855 fr.
764 1790 829 1854 223
850 1793 955 1856 medio
976 1795 1079 1857 latero
1092 1796 1200 1875 [ructo
1221 1792 1320 1878 (quod
1336 1812 1415 1860 cave
1431 1793 1607 1862 confundas
1621 1816 1690 1864 cum

227 1888 327 1956 altero
354 1895 511 1974 μέσακτος
540 1891 625 1980 qnod
654 1891 739 1957 inira
768 1890 970 1970 habebimus,
998 1903 1031 1958 ut
1057 1893 1201 1959 lecerunt
1229 1895 1368 1960 editores
1395 1894 1557 1977 thesauri).
1580 1968 1585 1978 ¹
1611 1895 1703 1966 Sunt'

226 1991 307 2068 haec
331 1995 512 2062 abnormia:
535 2003 642 2060 tamen
661 1993 757 2059 aliter
781 1990 919 2076 intelligi
939 2003 1099 2078 nequeunt
1129 1995 1169 2060 es.
1190 1994 1271 2062 Lob.
1296 1993 1337 2060 ad
1359 1995 1409 2060 Αἰ.
1431 2017 1461 2063 v.
1477 1995 1552 2064 324.
1596 1998 1690 2068 Vide·

227 2103 276 2159 tur
291 2095 466 2181 Aeschylus
490 2098 595 2162 activa
619 2095 741 2172 affinia,
763 2105 796 2159 ut
818 2100 926 2160 κτείνω
946 2093 1059 2178 ἑλκτέον,
1080 2097 1113 2160 in
1137 2105 1238 2162 mente
1260 2095 1420 2163 babuisse.

621 2280 655 2361 a)
682 2276 793 2357 Quae
825 2279 1104 2345 accusativum
1130 2276 1290 2344 habent.

329 2409 365 2475 ln
387 2409 436 2476 his
468 2409 665 2478 substantiva
687 2406 840 2475 nonnulla
869 2419 957 2476 sunt:
986 2415 1317 2496 χρηματοδαίτας
1347 2407 1414 2496 Spt.
1435 2412 1501 2474 710
1525 2431 1551 2476 c.
1581 2416 1688 2496 distri-

230 2517 323 2580 butor
347 2515 523 2585 bonoram,
561 2511 807 2594 οἰακονόμοι
835 2513 1029 2594 paberootor
1058 2509 1108 2574 Pr.
1132 2509 1195 2578 149
1219 2531 1246 2579 c.
1291 2511 1405 2578 Cetera
1428 2511 1470 2576 ad
1497 2513 1688 2584 aliud-sub.

229 2617 394 2682 stantivum
415 2611 561 2699 apposita
583 2623 670 2678 sunt:
696 2615 712 2647 *
726 2615 979 2695 παιδολέτωρ
1003 2609 1068 2691 έρις
1090 2609 1156 2696 Spt.
1177 2613 1243 2676 707
1262 2629 1290 2676 o.
1312 2609 1384 2676 Eur.
1407 2611 1502 2679 Rbes.
1521 2616 1586 2682 549
1608 2639 1690 2701 puae

230 2721 342 2784 liberos
358 2718 474 2800 perdit.
512 2711 676 2780 Feminina
695 2713 872 2780 terminatio
895 2730 1047 2799 expressa
1066 2721 1113 2776 est
1136 2712 1169 2776 in
1191 2709 1501 2796 ἀνδρολέτειραν
1522 2717 1600 2786 ἄταν
1623 2719 1689 2808 Spt.

229 2819 295 2883 295
318 2837 345 2882 c.
367 2825 398 2880 ιι
417 2822 529 2900 Μοῖρα
550 2815 816 2902 βαρυδότειρα
837 2814 900 2902 Spt.
925 2813 991 2879 954
1014 2832 1041 2877 c.

331 2916 416 2984 luter
443 2914 603 2989 adiectiva
632 2917 761 3005 primum
792 2917 895 2983 locum
925 2913 1108 2984 obtinebunt
1134 2913 1270 2984 formata
1297 2934 1354 3000 per
1385 2911 1690 3002 terminationemo}

231 3021 322 3108 stirpi
351 3023 473 3086 mutatis
507 3017 660 3086 interdum
696 3017 861 3087 vocalibus
894 3016 1061 3085 adnexam.
1114 3015 1277 3101 Oxytonos
1304 3017 1485 3085 scribuntur
1522 3018 1541 3096 d
1568 3019 1690 3089 ἄνθε-

230 3120 410 3207 μουρμός
439 3140 485 3186 sc.
515 3124 647 3203 μέλασι
677 3121 712 3190 Ρ.
736 3122 801 3187 615
831 3125 948 3206 florido
970 3137 1125 3202 operares,
1160 3117 1487 3206 ὁοηματουρμός
1526 3119 1600 3186 Cho.
1623 3123 1690 3190 472

232 3229 340 3309 opifera
370 3228 550 3307 adquorum,
579 3218 670 3288 Αἶσα
698 3221 1009 3306 φασγανουργός
1036 3218 1261 3297 61ι.635α,
1290 3219 1583 3304 αἱματολοιχός
1611 3225 1690 3307 ἔρως
1792 3311 1797 3316 Ι

232 3329 293 3411 Ag.
318 3324 404 3391 1445
425 3345 476 3391 an.
508 3328 619 3407 cupido
648 3326 805 3390 lambenda·
831 3328 1037 3408 sanquinem,
1064 3329 1357 3390 κελευθοποιοὶ
1377 3329 1485 3400 παῖδος
1512 3322 1691 3405 Ἡφαίστου

233 3429 319 3496 Ειιιιι.
346 3429 404 3505 12,
428 3423 638 3502 ἑλιοιιοιός
661 3426 728 3512 Spt.
745 3428 810 3491 370
833 3429 1023 3502 vulnerarer,
1048 3423 1238 3509 *Τιρρῆνωυ
1260 3421 1571 3510 μιρμανιιιιοιόν
1593 3426 1691 3506 ἔθνος

231 3531 271 3598 fr.
295 3529 362 3596 465
389 3531 596 3616 posteriores,
626 3530 826 3617 ξιφουλκῷ
844 3534 930 3612 χειρί
949 3527 1035 3592 Eum.
1050 3525 1115 3591 582
1134 3528 1444 3610 qtodtamstrirrpeas
1469 3537 1500 3592 ιι
1521 3531 1688 3606 τοξονλ-
1786 3609 1790 3618 p

234 3640 287 3716 τῷ
310 3631 421 3714 λῆματι
457 3629 490 3698 Ρ.
509 3629 554 3696 56
582 3647 651 3706 am,
680 3649 709 3695 v.
731 3629 806 3694 238.
856 3628 1060 3714 Reliquorum
1082 3628 1235 3716 pleraque
1268 3629 1301 3692 in
1329 3625 1501 3712 penultima
1528 3644 1689 3700 accentum

233 3733 370 3800 habent:
393 3732 610 3816 nipodno'ua
631 3727 830 3816 νόμιμα’ὃμι.
845 3732 911 3796 316
926 3752 954 3799 ι.
975 3736 1057 3817 [esto
1078 3733 1209 3796 crudum
1231 3729 1471 3816 (cirqiaitotem)
1490 3734 1690 3816 'decerpendo

234 3821 513 3922 doctooxo'rcor
549 3835 693 3920 μαινάδες
723 3830 808 3897 Eum.
831 3830 947 3900 4950.
984 3836 1123 3906 homines
1153 3835 1342 3912 abacorum,
1379 3834 1690 3920 Ιιιὶμιιτορρόφος

232 3943 311 4009 λέων
325 3937 416 4004 lium.
441 3937 504 4002 192
527 3941 715 4022 supputaret
735 3937 901 4011 ιιιιιιιιιιις
923 3932 1205 4018 πρεοβοδόκος
1226 3937 1345 4015 &opitu
1369 3931 1443 4022 Sap.
1466 3934 1532 4002 642
1556 3953 1582 3998 c.
1602 3955 1689 4002 seces

104 4080 108 4088 ·
232 4045 401 4124 recipiens,
430 4038 623 4121 ἱεροδ-όια
649 4043 734 4123 θεῶν
761 4035 884 4121 λήματα
912 4035 988 4124 Sup.
1004 4035 1071 4104 340
1094 4057 1120 4103 c.
1144 4039 1302 4122 ιοιιιμιια
1327 4041 1527 4120 accipientes,
1556 4036 1692 4107 inena-

132 4207 136 4218 ,
235 4141 350 4218 δάιος
376 4140 478 4223 axoni
497 4139 572 4226 Snp.
594 4139 659 4206 633
681 4142 807 4223 sperato
827 4140 978 4225 supplices
1004 4143 1174 4224 cectpicas,
1200 4145 1401 4222 ταγοῦχος
1419 4138 1496 4223 ιάίρ
1520 4137 1605 4204 Eum.
1626 4141 1691 4213 293

1336 4240 1381 4305 s*
