3998 4950
318 315 370 381 36²

321 506 376 588 qstt'
395 502 561 584 imperium
584 497 706 583 (ταχῆν)
734 499 841 571 habet,
872 494 1127 596 οόρανοόχος
1151 493 1234 582 ἆρχό
1258 492 1334 560 Che.
1357 491 1439 572 954,
1469 489 1785 579 θεσφατηλόγος

321 606 384 690 dg.
406 600 493 668 1464
512 605 664 668 vaticinia
686 603 832 688 loqueos,
862 597 916 682 (de
939 627 957 680 η
980 600 1015 664 io'
1037 597 1257 677 commissura,
1285 616 1346 683 quo
1377 594 1513 682 plurium
1543 596 1686 663 brevium
1718 591 1784 680 syl-

320 707 465 774 labarum
488 704 593 771 nimia'
610 701 735 769 exilitas
755 699 891 790 propelli
914 701 1005 791 solet,
1025 699 1151 768 locutus
1175 710 1222 766 est
1234 699 1367 767 Lobech
1382 717 1523 786 parerga
1547 696 1588 765 ad
1604 697 1675 762 Phr.
1697 715 1726 764 c.
1739 696 1785 779 4).

324 807 446 895 Stirpes
460 805 611 873 dentatas
634 803 667 870 io
689 803 750 871 boc
774 822 904 870 numero
919 823 982 869 noo
1005 803 1221 883 inueniuntur,
1245 822 1346 890 purae
1365 799 1452 895 haud
1473 804 1519 867 ita
1534 795 1666 878 multae,
1687 827 1801 883 τομ-.

322 917 370 995 βο
376 911 452 995 χόα
482 905 661 993 χειρώματα
688 904 753 992 Spt.
778 905 865 972 1006
901 925 980 989 optus
1012 907 1166 972 tumulum
1195 908 1351 989 pandent,
1384 905 1582 988 δοροαόος
1611 899 1692 985 σόχη
1720 900 1788 987 Spt.

324 1014 389 1078 117
413 1030 455 1088 c,
487 1007 606 1076 ὀπαδοί
624 1005 700 1094 Sup.
722 1007 803 1087 954,
833 1013 960 1076 honum
980 1009 1129 1080 vibrans,
1160 1001 1404 1092 *πορποόον
1426 1006 1518 1088 βέλος
1538 1005 1598 1070 Pr:
1611 1006 1685 1072 921.
1714 1003 1787 1069 Eur.

322 1112 410 1179 Med.
432 1110 499 1177 478
527 1115 631 1193 ipocm
667 1113 811 1192 spirans,
848 1110 907 1177 sed
944 1108 1086 1195 liquidae
1122 1108 1393 1198 copiossissimae;
1433 1106 1641 1193 *γοτόμος
1669 1112 1789 1174 δίκελλα

323 1216 364 1282 fr.
386 1215 465 1292 266,
489 1217 525 1291 8,
549 1209 642 1276 aoth.
665 1209 732 1278 Pal.
753 1211 811 1291 Vl,
833 1211 877 1279 95
907 1224 1027 1279 terrum
1047 1216 1207 1287 scindens,
1236 1207 1465 1294 μηλοφόοοι
1491 1208 1566 1293 ἄγοι
1593 1209 1652 1292 Ag.
1674 1203 1741 1274 784
1761 1226 1789 1273 c.

325 1314 402 1404 Opp.
433 1313 509 1401 Cyn.
532 1316 568 1391 3,
597 1313 677 1392 203,
713 1313 981 1383 οἰωνοκτόνον
1007 1319 1144 1400 χειμῶνα
1172 1314 1235 1399 Ag.
1257 1312 1337 1389 541,
1381 1308 1662 1400 δακρυογόνος
1691 1308 1791 1393 ’Ἀρης

324 1418 398 1505 Sup.
424 1416 491 1484 054
514 1434 560 1494 6.,
596 1415 833 1503 κουροβόρῳ
862 1414 969 1506 πόχνρι
997 1418 1059 1503 hg.
1083 1415 1169 1484 1480
1195 1434 1238 1493 6.,
1277 1413 1528 1502 παιδοβόροι
1560 1410 1684 1497 μόχθοι
1711 1412 1809 1480 Cilca

326 1521 413 1586 1065
434 1538 484 1587 an.
510 1537 630 1602 pucros
660 1520 834 1591 devorares,
866 1517 1015 1605 κρεοβό
1024 1543 1092 1605 ρος
1117 1516 1257 1602 ’Λμάζων
1285 1515 1361 1603 Sup.
1380 1514 1448 1580 274
1475 1535 1514 1580 ex
1546 1533 1604 1580 em.
1634 1513 1790 1588 Lobeckii

324 1623 426 1709 paral.
454 1643 484 1708 p.
504 1619 585 1698 200,
613 1616 865 1704 λινοφθόροι
892 1624 1013 1696 λακίδες
1051 1618 1127 1687 Cito.
1155 1620 1200 1684 27
1234 1637 1261 1686 c.
1292 1621 1392 1684 tirsum
1424 1619 1577 1700 perdens,
1616 1617 1790 1701 *βροτο-

315 1722 408 1807 ,φθό
415 1748 463 1808 ρο
491 1721 631 1789 κνώδαλα
662 1721 739 1808 Sup.
766 1721 830 1785 251
859 1719 945 1786 llum.
966 1721 1048 1799 778,
1078 1721 1143 1787 866
1164 1741 1190 1790 c.
1234 1719 1308 1788 Eur.
1328 1721 1369 1788 t'r.
1392 1718 1503 1804 Auges
1522 1719 1559 1797 2,
1588 1719 1790 1808 posteriores,

325 1822 532 1911 βοαθόρος
553 1830 667 1910 ταῦρος
690 1824 766 1910 Sup.
786 1823 867 1901 286,
894 1822 1098 1909 λαοπόρος
1117 1824 1241 1909 μηχανή
1263 1824 1350 1890 Pers.
1374 1825 1438 1889 lll
1461 1845 1486 1892 tt.
1503 1827 1659 1908 poputum
1681 1835 1788 1889 trans-

322 1937 477 2010 portans,
515 1923 820 2009 αἱματηφόροος
854 1923 973 2010 μόρους
1009 1925 1075 2013 Spt.
1104 1927 1172 1991 400
1202 1945 1246 2001 0.,
1282 1924 1510 2011 πεζοφόρον
1540 1929 1625 2009 ζῶμα
1658 1925 1697 1991 fr.
1724 1921 1789 1990 250

325 2030 428 2094 talare
449 2029 594 2092 orarium
614 2031 737 2110 [ινιαος
766 2025 1067 2112 *τεοχεοφόρος
1089 2025 1165 2110 αόἤρ
1188 2025 1263 2092 Cho.
1284 2026 1349 2092 617
1371 2045 1398 2092 c.
1421 2025 1493 2094 Eur.
1514 2026 1590 2115 Sup.
1611 2026 1676 2094 676
1697 2024 1790 2091 Rhes.

294 2127 298 2138 ’
323 2130 405 2207 267,
432 2126 583 2208 Manetbo
604 2126 641 2207 4,
662 2125 729 2194 438
754 2138 784 2194 et
813 2127 1073 2214 σελασφόρος
1101 2127 1225 2212 λαμπάς
1254 2127 1340 2195 Eum.
1370 2129 1470 2206 1664,
1514 2131 1687 2218 composita
1723 2147 1790 2195 cum

324 2231 422 2318 stirpe
455 2250 544 2318 pura.

429 2331 523 2398 Nulla
551 2350 628 2398 vero
663 2329 757 2395 radix
788 2330 956 2397 laetiorem
988 2331 1057 2397 iere
1094 2333 1282 2417 progeniem
1316 2335 1513 2419 procreavit,
1551 2351 1643 2416 quam
1670 2315 1794 2430 νιΞΞ

327 2435 416 2500 cuius
444 2441 520 2497 nota
543 2441 590 2496 est
619 2433 759 2496 uarietas
787 2432 1039 2517 significationis.
1082 2431 1162 2498 Hinc
1191 2439 1304 2499 cohors
1326 2435 1566 2519 compositorum
1596 2435 1630 2497 in
1651 2459 1789 2516 -νομος
1828 2460 1836 2466 ·

327 2533 522 2608 exeuntium,
546 2553 611 2600 non
632 2533 748 2620 ubique
769 2531 934 2621 planorum
956 2533 1135 2623 interpreti,
1165 2556 1247 2622 quae
1269 2522 1310 2602 ne
1334 2538 1367 2602 in
1393 2534 1455 2602 duo
1476 2541 1581 2599 castra
1604 2543 1792 2620 separentur

325 2655 409 2704 nunc
434 2635 684 2702 recensebuntur
712 2637 833 2713 omnia,
859 2637 935 2702 licet
960 2637 1113 2704 nonnulla
1136 2636 1272 2706 dativum
1293 2637 1413 2706 babere
1436 2635 1618 2704 videantur:
1649 2643 1790 2704 πεδιο-

325 2739 468 2822 νόμοις
491 2744 581 2816 θτοῖς
611 2736 677 2825 Spt.
695 2736 761 2803 255
789 2757 916 2821 campos
947 2742 1123 2806 habitantes
1151 2739 1203 2806 vel
1229 2745 1332 2815 nacti,
1367 2738 1674 2822 πολισσονόμος
1699 2739 1790 2823 placari

326 2839 415 2906 Pers.
437 2838 502 2905 855
525 2859 552 2904 c.
574 2837 659 2924 ἀρχά
682 2837 757 2907 (ibo.
771 2839 836 2906 856
859 2860 910 2906 an.
929 2843 1040 2908 urbem
1060 2843 1208 2907 babitans
1231 2841 1282 2909 vel
1300 2845 1466 2925 possidens
1489 2845 1566 2928 (quo
1588 2842 1621 2909 in
1634 2841 1790 2909 uocabulo

324 2939 514 3027 Aeschylum
538 2939 721 3009 Lobechius
747 2939 788 3006 ad
807 2940 881 3005 Phr.
902 2963 931 3028 p.
949 2942 1015 3008 667
1034 2945 1199 3012 suavitatis
1223 2963 1322 3010 causa
1342 2942 1485 3028 regulam
1509 2943 1691 3012 deseruisse
1715 2963 1788 3011 cen-

327 3054 376 3110 set
396 3041 555 3110 inculcata
583 3028 625 3109 ἶιό
651 3041 811 3129 idipsam
842 3044 969 3130 stirpem
997 3045 1163 3124 nominis),
1191 3044 1419 3128 ποιονόμον
1447 3045 1541 3127 βότοι
1571 3048 1629 3132 dg.
1652 3048 1737 3114 1128
1759 3065 1787 3112 c.

326 3143 469 3232 810148
493 3165 519 3213 c.
536 3167 632 3230 pectas
655 3145 785 3212 habam
808 3147 995 3228 depascens,
1028 3147 1049 3212 oi
1057 3145 1183 3214 νθονό
1190 3175 1257 3229 μοι
1282 3148 1406 3213 ἐραταὶ
1432 3149 1552 3233 ματρός
1576 3148 1649 3234 Sup.
1672 3147 1736 3211 525
1760 3165 1786 3212 c.

327 3249 398 3312 loco
419 3250 601 3328 speculandi
627 3251 740 3314 matris
768 3249 861 3332 ptores
894 3251 1087 3333 deposcentis
1114 3249 1327 3330 audacissima
1353 3248 1524 3337 hypallage
1547 3250 1675 3326 dictum,
1705 3265 1785 3334 quae

325 3357 429 3415 tamen
456 3357 487 3414 et
515 3348 793 3435 genitivoaddito
828 3348 944 3416 lenitur
973 3360 1004 3418 ot
1032 3351 1145 3419 eadem
1175 3362 1222 3417 est
1258 3350 1335 3437 Sup.
1357 3351 1402 3416 48
1460 3351 1725 3436 Γοιονόμοισι
1755 3346 1788 3416 δ’

324 3448 399 3537 Sup.
420 3453 462 3518 51
487 3471 514 3520 e.
538 3462 643 3519 terrac
663 3454 773 3518 incolis
795 3450 993 3520 Hermanous
1015 3455 1139 3521 retinxit
1162 3473 1200 3520 ex
1221 3448 1258 3519 τό
1285 3453 1311 3517 τ’
1331 3450 1464 3536 ἀνόμοια
1488 3450 1561 3520 οἶδ’.
1606 3453 1669 3521 Pro
1692 3452 1788 3537 etpa-

225 3595 233 3608 ·
324 3563 410 3636 μεῖτο
430 3550 725 3636 μελισσονόμοι
744 3553 782 3619 fr.
801 3554 845 3619 88
867 3553 951 3640 quod
974 3554 1059 3642 apud
1081 3556 1137 3622 dr.
1162 3554 1241 3622 itan.
1266 3554 1351 3624 1365
1372 3555 1412 3620 ab
1430 3554 1581 3644 Euripide
1607 3557 1640 3622 in
1659 3555 1788 3622 tumoris

327 3652 519 3721 derisionem
544 3655 726 3734 exhibetur,
750 3675 842 3742 quum
863 3659 896 3721 in
917 3660 986 3744 ipso
1009 3657 1165 3725 uocabulo
1185 3661 1238 3726 vix
1261 3657 1356 3725 ullum
1376 3676 1499 3725 sensum
1521 3659 1682 3746 reperias,
1703 3654 1788 3724 baud

327 3757 395 3824 scio
418 3775 458 3823 an
479 3766 572 3844 polita
597 3745 738 3844 posuerit
765 3758 991 3842 πολισσονόμοι
1021 3759 1061 3825 cf.
1082 3758 1168 3827 Eum.
1192 3760 1286 3827 1016.
1331 3759 1595 3844 Πορσονόμοο
1621 3768 1712 3844 τιμῆς
1732 3784 1787 3842 με·

325 3858 422 3945 γάλης
443 3857 477 3925 Ρ.
497 3861 562 3926 899
590 3879 641 3926 an.
673 3869 726 3926 aut
753 3860 868 3927 Persas
897 3880 1007 3945 rcpeos
1037 3862 1234 3938 vertendum,
1265 3862 1293 3924 si
1322 3861 1375 3926 uni
1405 3859 1508 3925 Xerxi
1536 3861 1639 3929 honor
1668 3861 1788 3926 coutri-

325 3961 449 4040 buitur‚
470 3999 513 4010 -—
536 3971 568 4028 et
594 3963 643 4026 sic
668 3960 737 4028 lere
761 3960 922 4030 Wellauer
946 3999 986 4009 -
1008 3973 1077 4042 aut,
1098 3963 1126 4029 si
1148 3960 1191 4028 ad
1215 3977 1336 4027 omnem
1358 3963 1503 4049 populum
1524 3971 1660 4051 spectat,
1683 3965 1789 4027 honor

326 4067 473 4133 hobttoos
501 4068 536 4130 ta
558 4062 679 4136 Persis,
707 4065 760 4130 vel
782 4067 887 4152 potius
911 4067 1016 4131 honor
1044 4069 1099 4150 put
1121 4084 1143 4134 α
1168 4064 1270 4128 Persis
1294 4069 1485 4148 possidetur.
1531 4063 1685 4142 Πεζονό
1692 4089 1788 4149 μοις

324 4163 449 4249 tutante
471 4163 506 4234 P.
527 4166 571 4233 78
594 4185 618 4235 ο.
638 4165 727 4231 uario
749 4167 842 4235 modo
862 4167 1053 4254 interpretes
1075 4167 1219 4247 uexauit;
1232 4165 1443 4242 ,nicolettus
1465 4172 1515 4234 αιι·
1536 4178 1623 4236 terro
1647 4170 1786 4251 coartato
