3998 4950
274 355 321 423 52

177 513 180 520 ’
272 541 417 610 iectionis
432 527 733 629 ,σωματοφθορολνλ
783 539 849 610 Sed
882 535 1000 625 λτύμαξ
1030 531 1270 629 ’δακρυχέων
1299 541 1364 629 Spt.
1386 533 1575 610 891'reete
1601 539 1736 624 vinam,

274 651 414 737 quamvis
439 646 636 715 Hermannus
657 641 831 724 defendat,
863 663 883 710 a
905 643 1072 712 Lobeekio
1095 637 1181 734 apnd
1202 642 1403 729 Aeschylum,
1417 654 1500 712 certe
1528 646 1673 713 damnari
1695 647 1738 714 ad

270 756 342 822 Phr.
365 754 440 820 572.
484 740 696 816 Scribendnm
726 755 779 812 aut
810 744 1010 836 δακρυχέων
1040 756 1094 814 aut
1123 753 1311 833 δακραχοῶν.
1343 785 1382 796 —-
1435 743 1546 814 Paullo
1575 747 1668 815 aliter
1698 749 1737 818 oe

271 842 475 944 sequentibus
504 848 724 926 indicandum,
758 866 841 934 quae
870 857 1032 937 utrumqne
1060 848 1412 918 membrumnorninale
1439 849 1555 917 hahent
1577 862 1607 918 et
1627 863 1737 940 apeme

271 957 601 1048 parasynthetasnnt:
624 952 967 1039 χαριτογλωσσὲω,
976 952 1027 1017 Pr.
1037 952 1104 1018 296
1118 970 1169 1018 an.
1189 947 1397 1038 ἰοραοοτιρὸς
1415 950 1524 1034 χάριν,
1547 951 1736 1038 ἄστομοι-

270 1063 471 1141 τονοῢμαι
501 1052 575 1140 8ορ.
597 1051 663 1116 273
692 1055 812 1118 vianne
840 1072 911 1119 som
933 1056 1024 1127 orbi,
1058 1047 1315 1137 oentenaria
1342 1055 1401 1138 Ag.
1421 1052 1489 1119 954
1510 1073 1537 1120 ο.
1567 1061 1735 1131 vaticinor,

271 1167 357 1246 (seem
377 1159 595 1240 martirevim),
618 1153 721 1221 oviam
742 1161 1101 1241 περσονομοῦνται
1120 1154 1153 1221 Ρ.
1171 1155 1235 1222 588
1257 1157 1429 1242 Persarum
1451 1159 1566 1240 leonibus
1593 1170 1736 1225 terreretur
1761 1171 1769 1184 “

271 1267 313 1345 (α
334 1258 529 1344 τιερσόναμος
557 1277 587 1322 v.
608 1254 711 1336 809);
732 1245 795 1322 ¹his
826 1255 982 1324 accedunt
1004 1276 1135 1344 qnorum
1155 1258 1242 1345 prins
1271 1258 1442 1324 membrum
1465 1257 1652 1327 adiectivnm
1672 1268 1736 1326 est:

174 1443 176 1450 y
269 1357 564 1448 σεμνοκομαὲω
599 1359 639 1425 fr.
663 1357 727 1422 128
760 1362 900 1442 ρνοαάλα
937 1363 1060 1444 olorior
1095 1361 1301 1450 (propositum
1336 1380 1355 1427 a
1387 1359 1551 1428 Lobeckio
1590 1360 1633 1428 ad
1661 1360 1735 1428 Phr.

269 1487 298 1555 p.
310 1465 387 1542 416,
411 1462 486 1528 liner
504 1479 607 1546 neque
627 1457 803 1545 hoeneque
824 1462 1043 1547 σομνόιιομτος
1066 1459 1388 1544 aiibiinveniantur)‚
1411 1464 1735 1547 *ἐλευθεροστο-

269 1567 347 1655 μὲω
380 1565 431 1631 Pr.
453 1565 517 1629 181
556 1563 631 1638 ἐξελ.
663 1560 722 1645 Ag.
748 1562 832 1628 1258
859 1562 933 1630 Eur.
966 1564 1066 1630 Andr.
1097 1562 1179 1641 153,
1214 1564 1537 1649 *θρασυστομὲω
1564 1563 1735 1651 Sennea

269 1669 366 1757 Soph.
386 1666 440 1732 Ph.
460 1667 526 1731 380
546 1663 619 1730 Eur.
642 1660 718 1729 Hae.
742 1664 845 1742 1280,
871 1663 1165 1749 λαβροστομὲω
1187 1665 1237 1732 Pr.
1258 1667 1338 1744 329,
1368 1667 1636 1750 πολοστομὲω
1658 1665 1733 1753 Sup.

268 1770 351 1850 480,
375 1770 487 1856 quibus
510 1764 594 1832 addo
618 1772 916 1848 παλινστομεῖς
936 1764 992 1849 οὖς
1017 1767 1538 1855 δρλ241ιλοτααοαοοοραααίολ
1562 1768 1735 1835 derivatum

270 1897 290 1943 a
312 1879 540 1955 παλίνστομος,
563 1865 646 1953 qnod
667 1886 732 1934 non
754 1866 857 1935 exstat
878 1867 1004 1957 quidem
1029 1868 1086 1934 sed
1109 1892 1174 1939 non
1198 1875 1299 1940 minus
1322 1871 1398 1958 fingi
1427 1875 1527 1960 potnit
1557 1891 1649 1958 quam
1671 1897 1733 1937 πα-

268 1983 462 2062 λίγγλωσσος
489 1970 579 2036 Pind.
599 1969 686 2034 Nem.
708 1967 744 2050 la
762 1969 815 2036 58.

369 2075 439 2142 Duo
463 2083 582 2142 restant
612 2071 708 2137 dubia
735 2080 827 2157 atque
848 2080 986 2138 'vexarat
1015 2071 1118 2155 θυμός
1141 2071 1430 2159 ὀρσολοπεῖται
1459 2073 1630 2140 P.'10an.
1659 2071 1733 2140 Hes.

268 2186 515 2262 διαπολεμεΐται,
544 2173 749 2261 ταράσσεται,
777 2173 896 2239 iactum
918 2175 988 2239 sine
1017 2172 1113 2240 dubio
1143 2176 1183 2240 ab
1207 2176 1382 2263 ὀρσόλοττος
1413 2176 1498 2262 quod
1520 2176 1731 2244 Anacreontis
1803 2236 1809 2244 .

269 2293 318 2348 est
350 2279 445 2368 (apud
468 2279 564 2366 Heph.
586 2298 617 2366 p.
639 2275 698 2357 51)
722 2293 899 2359 cognomen
928 2274 1053 2342 Martis.
1098 2274 1172 2344 Item
1199 2276 1398 2363 ὄρσολοιιτύιο
1427 2289 1474 2344 est
1503 2277 1591 2347 Hom.
1620 2280 1730 2366 Hymn.

265 2383 368 2450 Mero.
388 2385 463 2448 308.
504 2378 703 2466 ὀρσόλοιτος
734 2377 978 2462 interpretantur
1005 2389 1127 2444 sentem
1157 2377 1278 2459 (λόπον)
1302 2382 1430 2454 rollens,
1463 2378 1517 2447 vel
1550 2380 1731 2450 derivantes

269 2483 406 2568 ολὸφοι
437 2485 537 2547 ommes
562 2483 725 2562 amineam
763 2476 942 2544 Hermanno
971 2477 1145 2544 cohaerere
1174 2477 1298 2546 videtur
1326 2500 1395 2546 enm
1422 2479 1563 2549 ὀλόττειν
1587 2505 1626 2550 ex
1647 2484 1730 2552 λὲτιω

268 2589 369 2665 iacto,
407 2594 438 2651 et
466 2585 671 2650 eaeiteeorem
703 2581 896 2654 vellicatione
934 2589 964 2646 et
991 2579 1127 2666 proinde
1156 2582 1268 2648 turbae
1291 2594 1323 2649 et
1352 2586 1501 2650 romuleas
1533 2585 1727 2670 significare.
1813 2650 1815 2665 ,

267 2689 318 2755 An
343 2705 525 2755 censeamus
550 2703 619 2758 enm
640 2675 733 2766 λόβος
760 2681 959 2749 cohaerere?
985 2681 1026 2748 oi.
1046 2681 1132 2748 Eum.
1151 2683 1223 2748 161.
1245 2719 1286 2732 —
1330 2685 1469 2752 Alterum
1491 2697 1538 2752 est
1557 2695 1729 2754 θεοσκι-

268 2805 350 2867 τοῖς
370 2792 431 2874 Ag.
454 2790 498 2854 87
519 2808 569 2852 an.
596 2804 678 2873 qnae
701 2783 854 2852 librorum
883 2786 1040 2872 scriptura
1061 2785 1101 2850 ab
1125 2785 1305 2852 Hermanno
1326 2807 1390 2854 non
1418 2788 1577 2874 explicata
1599 2791 1730 2858 conser-

266 2901 372 2970 vatur,
397 2911 418 2957 a
439 2890 604 2966 Lobeekio
627 2906 704 2954 vero
735 2890 837 2969 (reete
859 2887 1050 2968 arridetur)
1082 2887 1124 2952 ad
1147 2887 1218 2954 Phr.
1241 2909 1269 2975 p.
1290 2889 1354 2954 523
1375 2891 1620 2969 θαασαοὲεις
1650 2895 1728 2960 seri-

267 2992 413 3072 bitur,'a
434 2990 608 3073 θνάσκοος,
629 2989 692 3053 i.'e.
715 2987 733 3055 ὅ
756 2988 808 3054 aar
829 2995 889 3054 τῶν
913 2994 1035 3056 θυσιῶν
1055 2987 1092 3056 τό
1114 2989 1226 3072 μέλλον
1247 2996 1326 3058 νοῶν
1349 2990 1416 3072 ἤτοι
1437 2999 1526 3059 νοῶν.

874 3213 1131 3224 -ιιι--ι

797 3415 1194 3499 mmm.

546 3577 736 3658 «nn
802 3578 1347 3661 rnnrleonis.

938 3778 965 3862 o.
992 3779 1043 3844 11.

368 3919 543 4010 Capitulum
565 3919 798 3988 brevissimum:
821 3931 926 3988 tamen
947 3922 1103 3991 nonnulla
1118 3922 1297 4008 singularia
1318 3923 1467 3989 eontinet.
1511 3920 1725 3988 Adverbia

262 4021 388 4109 quidem
415 4039 633 4111 paronyma
663 4025 697 4090 in
719 4009 777 4101 a}
793 4026 916 4110 egregii
939 4026 1017 4093 nihii
1045 4025 1180 4092 habent:
1208 4022 1481 4108 *ἀπομούσως
1508 4027 1725 4112 γεγραμμένος
1758 4085 1761 4090 .

185 4163 191 4172 ·
260 4123 322 4208 Ag.
345 4125 410 4190 708
433 4144 484 4193 an.
515 4129 583 4194 sine
608 4129 821 4210 pulcritudine
859 4125 944 4209 (Eur.
973 4126 1056 4196 Med.
1091 4129 1176 4194 1083
1210 4125 1423 4211 οἷπόμονσοο),
1461 4125 1725 4214 ἀπροβούλως

260 4222 337 4295 Che.
357 4226 421 4295 611
447 4245 475 4298 c.
497 4230 727 4314 imprudenter,
764 4229 987 4314 συγκόλλως
1014 4228 1089 4318 Sup.
1111 4229 1177 4298 295
1205 4240 1236 4298 ei
1269 4228 1525 4318 οἴρτινόλλως
1557 4228 1634 4295 cho.
1658 4226 1724 4295 ⁵³6
