3998 4950
288 296 310 359 8

391 477 481 540 llaec
504 472 573 538 lere
598 468 703 536 omnia
726 466 924 552 aliquatenus
946 467 981 529 in
995 463 1113 532 obiecti
1130 463 1390 549 significationem
1411 467 1616 543 transierunt,
1640 467 1699 532 sed
1715 489 1753 534 ea

290 599 371 668 quae
394 574 437 642 ad
458 572 560 642 verba
585 569 728 638 dentalia
746 568 896 635 recedunt
919 565 1108 633 abstractum
1132 586 1257 633 sensum
1287 570 1494 636 retinuerunt:
1532 567 1754 652 κινάθισμα

290 683 340 748 Pr.
361 677 426 746 124
448 699 498 744 an.
515 687 637 748 motus,
664 673 876 754 όπνίασμα
897 675 995 754 γερῶν
1017 670 1069 737 Pr.
1090 670 1409 754 1009resnpinotio,
1433 675 1568 738 sublatio
1591 690 1754 747 mannum,

296 786 316 849 i.
341 802 368 848 e.
389 798 517 866 preces,
548 777 752 857 ὑπτίασμα
781 775 920 855 κειμένου
948 771 1066 854 πατρός
1088 771 1148 856 Ag.
1169 770 1257 836 1244
1289 779 1444 840 restitutio
1467 777 1487 839 i.
1511 794 1538 839 e.
1560 773 1635 840 ultio
1656 775 1755 860 patris

293 883 441 975 peremli,
478 878 564 957 atton
595 883 802 973 pervacua
831 873 865 938 Ρ.
895 875 970 938 231.
1000 893 1149 952 occeptat,
1188 874 1454 962 σωφρόνισμα
1483 876 1560 963 Sup.
1590 877 1666 941 961.
1697 879 1755 942 ad-

291 989 447 1063 hortatio,
485 979 730 1064 *κόμπασμα
759 975 810 1042 Pr.
840 976 905 1040 303
935 976 1109 1063 Sparta,
1139 975 1194 1041 Ar.
1224 977 1306 1044 Ran.
1334 977 1400 1043 940
1426 978 1552 1044 Arriam.
1580 976 1646 1042 lnd.
1678 998 1703 1046 c.
1726 979 1755 1054 5,

219 1109 225 1118 ·
291 1092 320 1175 §.
342 1089 398 1162 13,
427 1087 569 1149 iactatio,
609 1080 680 1146 Duo
705 1089 810 1145 lamen
839 1076 1041 1162 πολόγομφον
1074 1077 1222 1162 ὅδισμα
1253 1079 1287 1146 Ρ.
1307 1081 1350 1145 73
1380 1099 1406 1146 c.
1443 1085 1498 1146 οἱα
1535 1091 1565 1146 ct
1603 1087 1755 1165 πίασμα

293 1191 327 1256 Ρ.
350 1187 415 1253 808
443 1189 528 1268 qnod
548 1185 744 1268 pinpnesacit
772 1182 964 1246 instrumenti
985 1181 1142 1245 notionem
1163 1180 1373 1248 adsciverunt.
1426 1181 1571 1248 Ceterum
1591 1185 1755 1249 universus

301 1287 449 1374 Aeschyli
473 1307 576 1353 sermo
598 1285 670 1351 aliis
690 1303 813 1372 quoque
835 1285 926 1350 huius
949 1283 1079 1367 generis
1105 1281 1289 1349 verbalibus
1313 1285 1404 1370 quasi
1428 1293 1534 1351 scatet.

393 1418 511 1484 Rarior
529 1419 708 1483 terminatio
732 1399 817 1500 ἷξον
839 1414 1108 1481 instrumenti
1131 1423 1161 1479 et
1181 1393 1638 1500 mercedis‘significationi
1664 1413 1758 1480 desti·
1802 1419 1806 1428 ⁴

296 1535 372 1594 nata
395 1525 427 1586 in
450 1501 778 1606 poetarumusu'est:
802 1517 1050 1600 *κόμισιρον
1080 1519 1181 1602 ψυχῆς
1204 1516 1265 1600 Ag.
1282 1518 1348 1581 932
1369 1516 1442 1584 Eur.
1463 1516 1500 1583 H.
1518 1517 1551 1584 F.
1574 1518 1658 1582 1387
1679 1515 1758 1581 Poll.

295 1631 332 1706 6,
358 1624 421 1691 186
442 1639 557 1686 merces
581 1629 726 1684 semotae
747 1624 890 1692 animae,
919 1621 1208 1703 *στέργηθρον
1230 1616 1279 1684 Pr.
1300 1617 1365 1683 493
1389 1618 1467 1686 Cho.
1488 1621 1553 1685 238
1574 1618 1645 1684 Eur.
1667 1616 1756 1705 Hipp.

294 1730 368 1798 256.
393 1722 586 1811 Sophan.
610 1718 675 1784 650
705 1725 942 1787 incitamentum
970 1723 1107 1794 umoris,
1142 1719 1445 1807 ποόόψγσιρον
1464 1723 1525 1806 Ag.
1545 1722 1610 1788 893
1639 1726 1758 1786 instin-

295 1841 434 1900 mentum
461 1827 555 1910 pedes
572 1823 786 1905 obstupente·
823 1821 1055 1907 (significantur
1084 1832 1207 1908 tapetes
1239 1824 1387 1910 pretiosi,
1425 1825 1537 1912 quibus
1563 1826 1758 1908 Agamemno

296 1931 437 2010 incedit).

400 2047 530 2114 Unicum
552 2050 599 2107 est
622 2038 776 2126 ὄψανον
799 2038 874 2106 Cho.
896 2041 961 2107 528
981 2041 1075 2108 Hes:
1097 2039 1170 2124 όψις
1191 2044 1270 2104 cisio
1294 2041 1377 2126 qnod
1400 2033 1531 2110 verbale
1553 2063 1625 2109 esse
1650 2033 1761 2108 contra

300 2151 489 2221 scholiastae
515 2142 695 2230 opinionem
717 2140 941 2210 demonstravit
961 2143 1094 2210 Lobeck
1116 2139 1195 2228 prol.
1220 2140 1333 2226 pathol.
1355 2165 1386 2229 p.
1409 2144 1482 2214 176.

400 2281 446 2346 Ex
468 2278 508 2343 iis
527 2295 607 2363 quae
634 2293 700 2339 res
724 2284 758 2339 et
780 2295 989 2360 personas
1013 2273 1155 2343 indicant
1176 2275 1319 2356 proxima
1344 2275 1437 2341 modo
1458 2279 1627 2354 transactis
1650 2279 1776 2344 neutra

301 2395 372 2452 sunt
398 2386 432 2447 in
450 2367 499 2457 οἶ
523 2381 636 2466 partim
665 2373 898 2442 denominativa
924 2377 963 2440 ab
987 2374 1154 2441 allectivis
1177 2373 1328 2453 formata,
1357 2377 1469 2462 quibus
1494 2378 1654 2444 abstracta
1675 2383 1762 2445 notio

298 2487 493 2558 continetur,
522 2481 635 2566 partim
658 2474 819 2555 verbalia,
850 2477 963 2564 quibus
987 2474 1160 2543 ostenditur
1186 2497 1239 2543 res
1263 2476 1479 2564 aliquomodo
1503 2480 1670 2547 coniuncta
1693 2500 1762 2546 cum

301 2587 392 2656 verbi
421 2585 558 2650 notione.
607 2578 786 2662 Paronyma
809 2579 933 2664 vulgari
956 2581 1093 2656 sermoni
1116 2582 1245 2666 propria
1272 2580 1375 2646 rarius
1400 2579 1440 2646 ab
1465 2582 1640 2668 Aeschylo,
1670 2603 1762 2650 exce-

303 2690 363 2778 ptis
386 2684 570 2774 qnibusdam
592 2681 784 2750 necessariis
807 2691 839 2746 ut
860 2686 964 2764 βόθος
995 2679 1107 2764 τόγας,
1143 2681 1441 2767 frequentabantur:
1474 2687 1588 2773 poetici
1611 2682 1763 2771 ponderis

303 2809 395 2856 unum
423 2789 563 2871 πρέσβος
589 2784 722 2849 memini.
773 2780 887 2849 Verum
908 2780 1085 2850 verbalium
1105 2780 1310 2848 incredibiles
1333 2793 1379 2850 est
1401 2785 1525 2852 ubertas
1554 2785 1674 2871 (δάκος,
1701 2787 1763 2853 πό-

304 2899 383 2972 θος,
406 2885 529 2978 μάθος,
549 2884 679 2968 στόγος,
700 2895 808 2966 μῖσος,
829 2890 965 2971 πρᾶγος,
990 2892 1076 2960 σίνος
1099 2894 1130 2950 cl
1151 2882 1230 2964 alia)
1261 2895 1292 2950 el
1314 2907 1394 2973 qnae
1417 2891 1486 2975 ipse
1511 2887 1598 2954 finxit
1618 2888 1764 2956 verbalia

305 3001 377 3060 sunt
408 2989 528 3056 omnia:
566 2984 653 3069 ῥέος
683 2983 736 3054 Pr.
758 2986 822 3052 401
847 3007 890 3066 a,
912 2990 985 3053 077.
1013 2987 1087 3052 812.
1121 2986 1182 3070 Ag.
1206 2987 1279 3054 866.
1317 2993 1443 3073 γέμος
1471 2990 1534 3074 Ag.
1559 2993 1643 3056 1180
1672 3011 1762 3066 ones,

306 3095 404 3181 ι’όρος
434 3090 508 3176 Sup.
530 3088 593 3153 851
616 3106 642 3154 ο.
667 3086 707 3151 ab
738 3088 820 3176 ἄρα,
853 3090 936 3176 quod
970 3092 1214 3175 interpretantur
1243 3091 1408 3156 aemiliam.
1453 3090 1499 3156 En
1522 3091 1572 3156 his
1595 3112 1660 3159 non
1680 3096 1764 3159 veri·

306 3193 416 3278 similis
440 3200 487 3255 est
506 3188 679 3284 Hermanni
696 3191 910 3278 interpretatio
935 3192 987 3279 qui
1010 3192 1071 3274 Ag.
1098 3190 1183 3256 1446
1206 3199 1333 3280 κείρει
1357 3191 1440 3277 quod
1466 3195 1498 3258 in
1521 3191 1612 3261 libris
1637 3205 1685 3274 est
1707 3195 1765 3262 da-

307 3300 401 3363 tivum
420 3295 556 3359 norninis
583 3303 684 3374 νεΐρος
706 3291 806 3376 ignoti
827 3292 929 3359 adhuc
950 3313 1019 3358 esse
1044 3290 1153 3357 dixit,
1174 3302 1290 3380 Νεῐρος
1315 3294 1577 3374 denominativum
1600 3298 1697 3378 foret,
1727 3299 1765 3367 cl.

308 3397 446 3484 Lycoph.
469 3395 543 3460 896.
599 3391 718 3480 Optime
748 3414 825 3461 vero
853 3395 936 3461 idem
965 3393 1108 3460 codicum
1135 3393 1243 3461 vitium
1271 3395 1430 3481 ιῖμπῆσαις
1458 3397 1557 3476 δόσας
1579 3399 1664 3477 κόνις
1689 3401 1765 3488 Sup.

308 3501 375 3564 752
408 3521 433 3565 ο.
456 3495 644 3562 emendasse
666 3493 803 3574 videtur,
836 3518 926 3584 quum
955 3497 1064 3584 glossa
1091 3496 1238 3580 Hesychii
1267 3496 1376 3566 ductus
1399 3502 1540 3587 reposuit
1567 3499 1703 3585 όμπειός
1724 3504 1768 3579 εἷς

186 3653 191 3664 ,
242 3671 248 3686 ,
309 3599 363 3676 doe
388 3598 429 3675 ὡς
452 3596 542 3673 κόνις.
582 3594 673 3673 'Aee
700 3617 784 3663 anta
805 3599 897 3664 nobis
920 3599 1143 3688 recipiendum.

409 3729 572 3796 Nominum
602 3749 815 3815 personam
852 3733 892 3795 in
920 3734 1086 3796 actione
1123 3743 1362 3816 occupatam
1392 3730 1620 3813 designantium
1647 3731 1766 3798 formae

310 3831 501 3898 masculinae
531 3833 707 3898 formantur
735 3851 755 3896 a
777 3832 899 3911 verbis,
930 3855 949 3896 a
973 3833 1151 3899 masculinis
1172 3832 1351 3898 femininae.
1398 3827 1651 3902 Terminationes
1672 3836 1767 3898 usita-

310 3937 447 4000 tissimae
469 3942 540 3998 sunt
560 3919 596 4010 ος
618 3932 776 4011 secundae
798 3932 901 4018 (ἄγος,
923 3932 1068 4018 τρόμος),
1090 3921 1144 4014 ἧς
1164 3934 1298 4018 primae,
1321 3918 1378 4017 ἦρ’,
1397 3923 1463 4023 μορ,
1486 3922 1546 4013 αὀξ.
1588 3937 1634 4001 Ex'
1655 3933 1768 4020 quibus

311 4037 440 4118 primam
458 4033 631 4120 Aeschylus
654 4039 687 4100 in
708 4034 855 4120 fingendo
880 4055 941 4100 non
965 4034 1121 4111 adhibuit,
1146 4034 1276 4101 alteram
1299 4036 1437 4122 pedestri
1460 4039 1593 4106 orationi
1617 4041 1770 4124 aptiorem

313 4153 387 4200 raro
409 4138 527 4222 poscit:
550 4145 664 4212 ιίιας
688 4136 782 4220 μόνος
806 4134 882 4202 Cho.
904 4137 947 4201 59
969 4157 995 4203 ο.
1018 4139 1134 4202 otnteo
1157 4137 1393 4218 (substantivum
1415 4160 1471 4226 pro
1494 4136 1664 4220 adiectivo)
1688 4140 1772 4228 quod
