3998 4950
1753 335 1780 441 Β.

307 522 393 590 runt,
423 515 443 577 i.
467 531 493 577 e.
517 517 598 596 quae
623 521 677 578 aut
700 512 783 600 apud
806 511 887 580 alios
911 525 1058 582 auctores
1081 513 1191 580 nullibi
1213 522 1383 600 apparent,
1414 522 1467 579 aut
1490 520 1520 579 et
1542 526 1611 600 post
1632 528 1770 599 nostrum

309 615 430 680 demum
452 615 652 680 inveniuntur
673 623 704 679 et
725 618 870 702 poeticae
894 619 1030 702 originis
1049 619 1244 702 signaturam
1263 625 1325 680 tam
1347 614 1554 682 indubitatam
1574 630 1715 705 portant,
1739 631 1771 688 ut

306 736 369 783 nou
397 717 518 803 possint
549 739 587 784 su
619 719 772 784 communi
801 737 859 784 usu
886 731 1018 808 recepta
1044 721 1146 808 putari
1172 759 1211 770 -
1235 718 1344 783 horum
1362 717 1461 814 igitur
1481 721 1584 788 maior
1602 737 1678 808 pars
1701 743 1769 790 cum

306 829 435 886 auctore
458 830 488 884 et
508 829 585 885 nata
608 829 659 884 est
680 829 711 885 ot
724 818 871 886 ¹oceidit:
907 823 1100 908 reliquorum
1122 823 1220 906 longe
1242 820 1378 909 plurima
1398 821 1430 884 itt
1452 827 1539 886 subm
1563 843 1653 890 usum
1669 817 1771 894 ‘vertit

304 921 488 1008 Euripides,
518 935 623 1010 pauca
647 921 833 1010 Sophocles.
876 921 901 986 E
931 927 1033 1012 poetis
1056 923 1283 990 Alexandrinis
1308 921 1499 1008 Lycophron
1530 935 1561 988 ut
1589 938 1713 994 constat
1737 933 1770 996 itt

304 1025 500 1111 excerpendo
523 1023 683 1110 Aeschylo
708 1027 826 1111 primus
854 1024 928 1104 suit,
958 1036 1028 1114 post
1049 1031 1130 1092 hanc
1151 1027 1410 1112 cynegetioorum
1429 1033 1541 1092 audet
1569 1038 1599 1092 et
1618 1028 1770 1097 Callima

305 1125 381 1194 chus
412 1137 443 1193 et
462 1126 649 1214 Apollonius
678 1138 708 1193 et
731 1125 861 1194 Nonnus
891 1139 922 1193 et
944 1129 1204 1214 Antho'logiarum
1226 1133 1349 1214 po'e‘iao
1394 1126 1574 1194 Herodotus
1597 1130 1676 1196 nihil
1699 1135 1770 1200 tere

303 1229 417 1307 habet,
446 1247 551 1316 pauca
576 1231 635 1298 sod
663 1232 840 1297 certissima
868 1229 1086 1316 Thucydides.
1137 1227 1229 1316 Apud
1257 1239 1400 1296 essiones
1422 1232 1475 1296 uin
1498 1231 1682 1317 quidquam,
1712 1236 1770 1301 sed

303 1331 456 1419 permulta
495 1333 592 1418 apud
612 1333 809 1400 Plutarchum
850 1343 881 1400 et
919 1333 1092 1400 Lueianum
1127 1332 1280 1398 invenias.
1345 1331 1434 1399 liaeo
1472 1335 1577 1432 omnia
1611 1338 1767 1405 asterisco

304 1436 423 1500 notauit
896 1489 908 1495 ,,
1526 1488 1529 1496 r
1568 1465 1570 1472 ·
1698 1443 1700 1450 ·

406 1533 494 1600 llaec
518 1536 679 1622 praelatus
700 1555 822 1622 possem
850 1536 1014 1624 adipsum
1037 1535 1224 1621 glossarum
1240 1534 1420 1618 catalogum
1443 1539 1597 1616 transire,-
1626 1541 1686 1604 uisi
1709 1559 1768 1606 an-

302 1649 356 1710 tea
383 1634 422 1704 de
452 1637 576 1704 duabus
602 1638 697 1704 rebus
726 1638 798 1704 huic
823 1641 921 1732 operi·
935 1638 1198 1706 coniunctissimis
1218 1638 1435 1705 disserendum
1456 1649 1549 1706 esset.
1594 1639 1769 1708 Primum

302 1737 463 1804 vocabula
485 1740 526 1804 ab
548 1738 712 1825 Aeschylo
735 1741 895 1808 fabricata
919 1743 1152 1808 enumeraturus
1180 1765 1221 1788 2-
1252 1757 1333 1825 quae
1355 1741 1425 1807 iure
1448 1739 1617 1826 glossas
1640 1742 1768 1832 saepius

301 1839 461 1928 appellavi
494 1855 531 1892 ⁴-·
558 1841 688 1910 alterius¹
719 1843 881 1912 cuiusdam
909 1843 1086 1928 glossarum
1113 1845 1241 1929 generis
1272 1843 1416 1928 exempla
1438 1846 1547 1910 consui
1571 1851 1668 1910 antea
1690 1867 1769 1914 non-

299 1943 390 2010 nulla
414 1945 593 2012 exhibenda
617 1954 706 2023 esse,
737 1948 805 2011 eius
831 1943 956 2012 scilicet
978 1947 1108 2032 generis
1130 1942 1214 2030 quod
1243 1945 1388 2010 obsoletis
1415 1957 1472 2012 eat
1491 1950 1667 2030 perepriois
1692 1967 1766 2017 rer-

301 2041 352 2110 bis
377 2057 498 2112 constat
521 2047 576 2129 (ci.
597 2047 718 2114 Lersch
739 2047 791 2113 dio
813 2046 1054 2135 Spracbpbil.d
1084 2046 1122 2110 A.
1146 2045 1174 2110 ll
1197 2067 1233 2132 p..
1250 2045 1323 2125 63),
1352 2046 1448 2135 idque
1476 2067 1516 2114 eo
1539 2048 1657 2132 magis,
1683 2050 1768 2135 quod

301 2145 494 2232 Aeschylum
516 2149 601 2213 haud
621 2167 697 2214 raro
719 2149 780 2216 hoo
803 2151 929 2216 nomine
948 2153 1124 2234 vituperant
1140 2148 1243 2231 magis
1262 2159 1354 2232 quam
1371 2147 1578 2218 admirantur.
1621 2151 1766 2216 Attamen

301 2247 363 2314 boo
387 2239 488 2334 genus
513 2251 546 2315 iu
569 2251 748 2314 universum
768 2252 944 2316 aestimanti
966 2267 1069 2333 neque
1089 2249 1182 2312 nimis
1204 2248 1386 2332 frequentor
1409 2248 1601 2329 obtruditur,
1628 2252 1659 2318 et
1682 2272 1765 2320 seme

301 2370 360 2437 per
380 2351 450 2417 fere
474 2361 560 2443 certo
584 2350 718 2416 consilio
740 2353 785 2418 ibi
807 2359 942 2440 positum
965 2359 1029 2428 est,
1059 2347 1113 2414 ubi
1142 2345 1558 2434 spyaosessssosodctom
1581 2363 1610 2417 et
1632 2358 1767 2440 reporri-
1866 2413 1869 2416 .
1929 2381 1936 2393 ·

299 2459 351 2530 der
372 2451 582 2519 affectandum
605 2463 684 2521 erat.
725 2453 831 2522 Veluti
853 2465 969 2542 quanto
991 2449 1133 2540 pondero
1158 2449 1236 2516 illud
1258 2448 1422 2534 εὐμόρφων
1447 2461 1652 2521 subsecuto
1675 2455 1767 2542 χάρις

303 2556 364 2640 Ag.
385 2554 461 2621 398.
490 2557 673 2623 translatum
702 2555 742 2621 ab
765 2557 954 2645 Aegypticis
984 2553 1113 2619 deorum
1145 2551 1323 2618 simulacris
1361 2553 1765 2642 (ct.Her.tttao,1tap

301 2657 424 2726 dicatur
454 2677 475 2722 a
501 2659 662 2745 prophetis
683 2657 834 2722 vaticinia
862 2658 998 2722 obscura
1022 2654 1207 2721 canentibus
1227 2659 1326 2718 nomo·
1344 2673 1408 2718 non
1428 2659 1533 2722 sentit.
1578 2657 1647 2724 ilco
1669 2660 1763 2727 modo

299 2759 417 2828 thorus
446 2759 603 2844 uirginum
630 2757 807 2824 Danaidum
836 2759 965 2844 saepius
994 2758 1088 2823 utitur
1121 2754 1270 2820 barbaris
1298 2753 1477 2832 uocabulis,
1509 2768 1542 2822 ut
1567 2775 1631 2824 nott
1663 2761 1766 2829 solum

299 2861 384 2928 cuitu
414 2869 446 2925 et
477 2859 604 2938 habitu,
640 2859 697 2926 sed
728 2862 820 2926 etiam
852 2859 966 2946 lingue
999 2857 1116 2948 prodat
1150 2858 1306 2942 originem
1342 2869 1406 2922 nou
1444 2879 1612 2944 graecam:
1650 2863 1763 2934 'enaim

176 2965 179 2970 ’
300 2966 440 3046 βοῦνιν
476 2961 552 3049 Sup.
584 2962 650 3029 1o4
676 2972 708 3030 ot
738 2967 811 3030 113.
849 2977 969 3032 terram
997 2966 1147 3028 clivosum
1183 2957 1346 3024 deductum
1374 2978 1394 3024 a
1427 2961 1541 3045 βουνός
1568 2981 1648 3031 voce
1679 2969 1762 3032 anti.
1813 3025 1816 3041 ¹

301 3065 453 3152 pissima
489 3065 562 3146 (sed
595 3067 648 3132 vin
677 3064 853 3150 Cyrenaica
886 3075 920 3132 ut
947 3062 1090 3132 Boeohb.
1130 3060 1169 3126 de
1198 3077 1246 3144 gr.
1276 3069 1314 3124 tr.
1344 3064 1445 3148 princ.
1473 3083 1544 3150 cap.
1570 3064 1607 3132 V.
1642 3073 1763 3153 putavit

299 3168 379 3256 posti
401 3167 647 3234 Vallenaerium
685 3169 726 3235 ad
762 3168 834 3234 Her.
865 3167 923 3243 lV,
945 3169 1019 3234 351„
1057 3165 1096 3230 ei.
1128 3165 1222 3229 etiam
1253 3161 1387 3230 Lobeolr
1408 3165 1467 3230 ·ad
1503 3166 1585 3260 Phr.⁸
1613 3187 1642 3256 p.
1672 3170 1761 3252 355).
1870 3171 1874 3178 ’

166 3269 178 3284 “
299 3269 383 3336 lluic
408 3272 480 3336 roei
512 3273 582 3356 ipse
611 3271 725 3338 chorus
756 3269 845 3337 addit
880 3267 1047 3355 κορβᾶν)
1071 3265 1168 3334 αὐδάν
1199 3261 1226 3350 oi
1255 3271 1298 3350 pb
1328 3273 1489 3346 κοννεῖς
1529 3271 1582 3351 (ut
1612 3267 1763 3338 limmat-

300 3391 359 3439 nus
383 3369 578 3453 emendarit)
610 3373 732 3441 duobus
759 3372 922 3441 vocubulis
951 3369 1178 3438 semibarbaris
1207 3386 1243 3434 ss
1263 3367 1403 3458 birbare
1425 3369 1561 3437 locutum
1585 3391 1657 3438 esse
1678 3373 1763 3440 indi-

300 3493 388 3542 eaus.
430 3477 531 3556 Βῠρις
553 3495 582 3544 v.
606 3478 673 3542 aba
700 3479 791 3541 eoois
815 3473 987 3562 appellatio
1010 3473 1193 3561 aegyptica
1246 3472 1308 3538 ’Ea'
1336 3471 1471 3556 ipsis
1498 3493 1529 3538 vs
1550 3473 1617 3538 809
1642 3483 1672 3539 et
1695 3475 1763 3541 814

300 3576 386 3661 quod
409 3573 484 3643 iles.
506 3577 726 3665 interpretatur
744 3579 819 3644 veie
841 3577 903 3646 dni
926 3582 982 3644 τοῦ
1001 3575 1085 3660 α’μᾱν
1105 3571 1160 3654 τήν
1180 3577 1254 3642 ito:
1274 3595 1383 3642 uerum
1396 3584 1444 3642 sat
1457 3575 1656 3644 accusativus
1673 3578 1760 3644 ouius

300 3679 508 3744 nominativus
533 3694 637 3765 neque
667 3690 768 3748 exstat
793 3698 897 3768 neque
923 3698 1041 3766 graeco
1070 3681 1195 3746 omniuo
1223 3679 1301 3766 tingi
1323 3687 1422 3766 potest
1446 3697 1475 3744 v.
1500 3676 1633 3754 Lobeoh
1653 3677 1760 3745 Paral.

299 3799 330 3868 p.
345 3779 426 3844 275..
453 3779 489 3845 ²'1
493 3806 570 3865 χορ
591 3803 620 3848 v.
636 3781 709 3850 816.
735 3781 834 3849 sohel.
853 3783 1025 3866 ἐπιθνμίαν
1046 3780 1087 3846 ab
1102 3780 1281 3851 Hermanno
1303 3789 1389 3848 reete
1409 3778 1533 3848 tideus
1561 3779 1602 3847 ad
1624 3779 1763 3848 radicem

299 3881 391 3952 uerbi
413 3881 532 3966 ῑχονάο
549 3883 683 3962 reterri,
708 3897 738 3952 a'
750 3884 916 3954 Lobocltio
935 3884 1044 3951 libem.
1067 3905 1096 3972 p.
1110 3883 1176 3949 ata
1199 3885 1232 3949 in
1251 3889 1345 3970 lipsa
1366 3881 1421 3950 vel·
1439 3887 1556 3970 ytiprep
1575 3891 1709 3986 mutatur
1724 3883 1762 3968 1).

306 4027 664 4056 Q-AE--Q

355 4122 385 4189 1')
410 4121 465 4176 Sed
489 4109 577 4191 νοάρ
601 4121 632 4189 (a
648 4123 736 4195 rosh)
757 4125 829 4197 quoti
846 4119 1012 4179 dermannus
1030 4130 1061 4179 a*
1075 4123 1129 4178 754
1146 4127 1173 4178 ot
1190 4125 1242 4181 aba
1257 4129 1310 4192 pr'o·
1326 4095 1393 4192 νῑέορ
1413 4129 1441 4178 et
1458 4091 1525 4194 deep
1542 4119 1681 4178 substituit
1698 4127 1758 4180 tuit

312 4209 314 4218 ’
407 4207 513 4262 videtur
529 4221 546 4262 a
561 4207 702 4266 boboeido
721 4209 871 4264 domatum
890 4220 950 4265 osae
969 4207 1056 4278 paret.
1076 4218 1106 4276 p·
1121 4211 1180 4264 aab.

1410 4290 1457 4354 1*
