3998 4950
1754 336 1774 398 ⁵

305 510 390 576 muni
421 507 574 600 derivavit
601 497 703 596 paral.
724 529 755 595 p.
778 506 853 573 274.
900 491 1036 576 Tertium
1061 508 1232 596 exemplum
1263 507 1577 610 ἅναρπάξανδρα
1601 520 1678 601 κῆρα
1706 518 1772 606 Spt.

305 612 371 676 7⁵7
394 615 524 678 esitium
544 616 644 697 fatale
665 617 751 678 viros
775 629 903 676 sursum
928 617 1057 696 rapiens
1081 611 1194 678 mendo
1218 611 1356 679 Aldinae
1381 614 1429 680 ed.
1454 626 1554 681 ortum
1583 628 1640 686 est.
1685 619 1772 688 Nunc

305 723 335 780 et
365 734 382 779 e
413 713 504 780 libris
538 715 799 803 ἀναρπαξᾰνδραν
832 723 862 779 ct
899 712 940 778 ab
969 713 1150 782 Hermanno
1181 711 1238 780 τάν
1277 713 1499 802 ἁρπαξάνδραν
1542 721 1688 806 scriptum
1715 734 1770 790 cst.

303 815 502 896 Praeferrem
526 814 581 882 :dr
603 815 833 903 ἁρπάξανδρον.
879 814 936 882 llis
958 814 1133 902 profligatis
1155 813 1197 880 ad
1219 816 1318 902 ipsam
1342 838 1408 885 rem
1432 820 1629 888 accedimus.

903 1055 1158 1068 ...ι-ὴ..-

849 1214 1222 1411 aaroni.

747 1473 828 1554 on
888 1475 1324 1560 norrrnrnns.
1399 1427 1504 1598 ’

405 1713 442 1777 Α.
471 1709 523 1776 De
547 1704 778 1776 nominibus
802 1711 1074 1798 simplicibus.
1119 1711 1189 1779 Hac
1210 1715 1418 1799 inscriptione
1440 1713 1545 1777 omnia
1568 1721 1598 1778 et
1613 1712 1771 1799 primitiva
1794 1704 1796 1708 ’

301 1817 384 1902 (sive
407 1809 566 1892 verbalia)
600 1821 631 1876 et
665 1808 898 1890 denominativa
929 1824 960 1880 et
995 1815 1131 1902 denique
1162 1813 1387 1900 parasyntbeta
1421 1812 1650 1900 comprehendo
1688 1833 1769 1902 quae

303 1917 414 1987 sulliva
441 1917 663 1982 terminatione
695 1912 879 1980 formantur.
931 1914 1011 1982 Nam
1034 1936 1095 2002 quo
1125 1915 1194 1983 iure
1220 1916 1255 1982 G.
1281 1913 1404 1983 Curtiris
1425 1919 1456 1982 in
1478 1915 1588 1982 libello
1614 1936 1703 2002 quern
1729 1913 1768 1979 de

302 2019 458 2084 nominum
485 2015 678 2084 Graecorum
715 2015 904 2083 formatione
935 2020 1123 2107 conscripsit
1150 2039 1180 2105 p.
1208 2019 1231 2082 2
1259 2019 1388 2088 nomina
1425 2037 1445 2084 a
1478 2018 1629 2085 derivatis
1658 2015 1767 2081 verbis

303 2113 533 2184 descendentia
565 2137 631 2183 nna
658 2137 726 2184 cunr
753 2120 918 2206 primitivis
943 2119 1050 2186 docuit
1072 2120 1238 2186 tractanda
1261 2140 1348 2197 esse,
1383 2119 1456 2205 quia
1482 2119 1604 2184 scilicet
1634 2116 1768 2181 derivati

248 2229 250 2238 '
301 2219 393 2288 verbi
415 2221 507 2306 stirps
531 2238 639 2284 rursus
660 2229 815 2304 tamquam
834 2219 925 2284 radix
947 2229 1109 2285 tractetur:
1134 2221 1244 2287 codem
1265 2240 1324 2286 nos
1346 2221 1415 2286 iure
1436 2222 1528 2286 etiam
1545 2238 1627 2305 qnae
1647 2235 1766 2283 acom-

301 2321 412 2410 positis
433 2320 645 2409 produxerunt
666 2339 734 2386 cum
759 2321 922 2408 primitivis
945 2323 1179 2404 coniungemus.
1233 2322 1378 2388 Cernitur
1399 2330 1499 2388 autem
1521 2323 1553 2387 in
1578 2319 1768 2388 formatione

302 2427 458 2491 nominum
478 2424 628 2512 imprimis
650 2421 824 2491 verbalium
849 2419 1000 2489 notabilis
1024 2419 1181 2508 quaedam
1205 2423 1352 2490 andacia.

733 2683 761 2757 ξ.
784 2681 814 2746 1.
860 2677 1034 2745 Nomina
1068 2681 1341 2746 substantioe.

415 2869 443 2930 1.
480 2863 742 2930 Dominutiva
773 2864 835 2928 tria
863 2863 995 2950 inipso
1023 2861 1179 2930 vestibulo
1209 2883 1321 2952 ponam
1351 2880 1432 2949 quae
1455 2860 1591 2926 formata
1615 2869 1684 2925 sunt
1706 2868 1767 2926 ter-

303 2971 474 3038 minatione
502 2985 566 3032 non
597 2962 705 3032 addita
730 2963 785 3031 sed
815 2947 955 3042 abiecta,
989 2964 1097 3032 Εἰδώ
1129 2975 1159 3032 et
1185 2965 1361 3054 ‘Ypriir
1336 2961 1452 3032 r225
1480 2981 1537 3050 pro
1565 2963 1705 3026 Εἱδοθέα
1737 2970 1767 3026 et

300 3072 475 3170 ἵψιπύλη
478 3079 509 3136 et
525 3065 676 3150 ’Ἁμφις
699 3066 741 3135 fr.
763 3065 830 3131 423
851 3084 908 3151 pro
929 3064 1132 3150 Ἀμφιάραος.
1174 3065 1356 3135 Lobeclrius
1381 3062 1506 3170 quidem
1528 3061 1635 3130 Rham
1659 3064 1767 3150 p317
1809 3065 1817 3073 ”

301 3173 393 3242 illa
384 3195 416 3239 ιιι
441 3198 466 3239 ω
495 3170 640 3237 exeuntia
659 3177 757 3268 negat
785 3187 857 3234 esse
882 3166 1070 3236 deminutiva
1093 3166 1151 3232 sed
1172 3167 1293 3237 formas
1316 3167 1472 3235 nominum
1490 3168 1685 3252 propriorum
1710 3186 1767 3232 an-

301 3278 492 3364 tiquissimas
516 3272 556 3340 ab
580 3266 662 3348 εἶδος
682 3259 712 3336 ct
736 3271 837 3352 ὕψος
835 3269 1010 3346 formatas,
1042 3269 1153 3356 quibus
1176 3280 1288 3358 postca
1310 3268 1493 3356 productior
1516 3268 1619 3334 forma
1639 3266 1766 3336 eadem·
1789 3283 1791 3288 ’

232 3383 238 3392 ’
302 3399 363 3468 que
396 3376 563 3453 illustrior,
593 3381 625 3439 ut
648 3374 747 3439 etiam
769 3372 875 3459 Ἀφρώ
902 3383 933 3439 ct
952 3369 1138 3455 Ἀφροδίτη,
1169 3373 1318 3439 adiuncta
1342 3370 1447 3466 fuerit.
1490 3369 1582 3496 ²tinae
1608 3372 1767 3436 sententia

303 3486 394 3552 eliam
424 3477 570 3549 roborari
598 3473 723 3542 videtur
751 3473 848 3560 Etym.
869 3473 981 3559 Magni
1007 3472 1081 3540 loco
1112 3473 1184 3538 ad’
1184 3472 1312 3558 Ἁμφιςι
1342 3475 1431 3539 τοῦτο
1462 3469 1500 3537 ori
1527 3469 1668 3554 συγκοπη
1691 3469 1767 3538 a'ttd

302 3578 602 3670 μετασχηματισμός.
646 3574 713 3642 Sed
736 3585 901 3661 potnerunt
923 3576 1044 3642 formae
1067 3573 1145 3640 illac
1167 3573 1209 3641 ad
1230 3572 1378 3641 blandam
1398 3571 1620 3639 allocutionem
1642 3573 1766 3640 etiamsi

303 3707 366 3756 non
387 3689 535 3752 inventae
558 3688 666 3748 essent
686 3688 857 3765 usurpatae
878 3688 982 3744 tamon
998 3695 1073 3743 esse
1096 3677 1172 3762 quia
1193 3674 1358 3745 breviores
1382 3667 1482 3739 erant.

403 3782 705 3870 Patrnnymica,
742 3778 983 3865 gentilicia,
1021 3777 1327 3867 amplificatrva
1352 3776 1402 3843 ab
1432 3759 1637 3860 Aeschylo
1671 3793 1764 3860 pro-

303 3898 444 3957 creata
474 3905 548 3951 non
577 3885 729 3950 inveni.

349 3992 430 4058 ..2
466 3985 678 4053 Verbalia.
721 3981 887 4050 Feminina
910 3982 1143 4050 abstracta-
1108 4002 1210 4048 -eu
1232 3979 1282 4046 bis
1304 3981 1385 4046 cuim
1413 3979 1534 4047 initiunt
1557 3976 1696 4102 capimus
1720 4009 1762 4024 -

292 4091 526 4178 antiquissimis
550 4086 742 4175 temporibus
769 4105 808 4152 eu
831 4087 929 4170 stirpe
950 4081 1149 4170 fingebantur
1169 4081 1387 4148 terminatione
1416 4111 1432 4163 η
1409 4071 1493 4148 ''nt
1521 4075 1602 4166 pori
1623 4077 1699 4162 βοή
1732 4076 1765 4143 id

302 4192 387 4283 quod
416 4194 551 4281 posteris
577 4190 741 4257 rarissime
769 4185 863 4252 lichat
895 4185 1116 4252 terminatione
1144 4211 1195 4263 σις
1224 4185 1256 4251 in
1286 4204 1373 4250 usum
1402 4193 1531 4270 recepta
1564 4180 1603 4248 cl.
1634 4179 1764 4248 Lobccln
