3998 4950
1659 291 1816 398 σι’

239 525 407 608 activam),
429 529 690 612 πεισίβροτον
706 526 771 610 (tic
784 525 903 596 Helue:
923 525 998 594 libri
1013 530 1167 612 πεισίμβ.)
1187 525 1322 612 {destrues
1338 525 1413 598 Clio.
1423 523 1489 590 357
1505 541 1535 589 c·
1548 530 1702 608 sceptrum
1801 567 1809 576 -

240 628 361 712 regium
384 628 629 712 Agamemnonis
657 650 719 712 quo
740 633 917 696 hominihus
935 633 1158 714 persuadetur.
1203 636 1502 717 Φθερσιγενεϊς
1523 628 1612 708 κῆρες
1633 619 1701 706 Spt.

239 729 324 796 101⁰
341 749 392 796 sn.
415 749 511 814 pecus
535 732 779 814 esrunqomtes.
824 731 1104 816 Μνησιπήμων
1126 725 1223 807 πόνος
1246 731 1307 815 Ag.
1321 731 1385 795 sfitt
1399 749 1425 796 c.
1439 745 1546 812 eropon
1565 724 1701 792 noiomi

238 843 318 902 tutes
339 837 530 904 recordant,
556 830 819 916 ueneainpoe
841 838 941 900 θυσία
962 833 1024 920 Ag.
1044 834 1109 900 2⁰1
1130 853 1156 900 c.
1178 843 1286 898 uestes
1307 835 1448 911 setheus,¹
1464 827 1701 914 desipuere

235 933 361 1018 ἄγαλμα
382 934 470 1000 Eum.
490 934 558 1000 W
564 953 596 1002 c.
620 937 741 1002 altaria
760 946 872 1010 ductes,
895 941 1177 1024 τελεσσίφρων
1196 938 1285 1017 μῆνις
1305 935 1367 1020 Ag.
1375 933 1490 1004 67⁶⁶·
1504 931 1704 996 mmm

231 1040 395 1121 perficiens
426 1045 457 1102 et
483 1035 669 1104 ultimum
648 1064 667 1117 p
699 1035 938 1115 ullsulose'oc
971 1035 1099 1116 θεὸς
1077 1067 1138 1106 στα
1165 1037 1233 1125 Spl.
1255 1039 1371 1106 thie.
1400 1037 1531 1100 dom
1558 1029 1702 1113 perdent.

234 1137 319 1224 quod
347 1137 580 1208 adnotandam
590 1148 623 1206 et
647 1137 697 1204 oh
717 1127 955 1238 productam
930 1169 952 1208 ο
979 1140 1074 1208 inituri
1100 1137 1203 1208 dedeo
1235 1139 1302 1222 (de
1320 1156 1382 1224 qne
1411 1133 1546 1250 Lohecl
1564 1129 1611 1200 ad
1632 1127 1703 1194 Phr

232 1259 264 1325 p.
285 1237 352 1308 tm
372 1239 502 1324 adnot.)
511 1251 547 1308 et
572 1241 613 1309 ob
633 1249 788 1307 reustum
811 1267 824 1305 ι
847 1251 920 1306 ante
941 1241 1093 1310 eosdem
1204 1283 1207 1302 .

234 1379 240 1386 ·
339 1349 526 1424 [latirus
491 1379 524 1424 m
543 1357 762 1485 paucissimis.
781 1357 993 1443 πειθιίνωρ
1018 1357 1080 1442 Ag
1090 1357 1176 1424 loce
1195 1363 1264 1424 otro
1289 1355 1539 1440 ooeouusquasi
1559 1351 1599 1420 dn
1618 1367 1701 1434 equs

233 1451 366 1535 tllclum,
396 1468 429 1525 et
457 1465 503 1536 τίς
532 1453 591 1526 ὦδε
616 1458 908 1543 τλησικάρδιος
936 1459 987 1528 Pr.
1012 1461 1075 1526 159
1096 1479 1124 1528 c.
1158 1463 1266 1525 auimo
1299 1462 1457 1531 toleratos,
1493 1457 1514 1522 l.
1534 1473 1565 1520 e.
1595 1451 1700 1526 dulus,

233 1577 316 1644 quae
338 1559 529 1643 significatio
552 1579 643 1647 quum
664 1561 723 1646 Ag.
737 1560 802 1626 411
818 1581 846 1627 e.
866 1569 1009 1630 essessa*
1019 1561 1236 1648 τλησικάρδιος
1257 1581 1321 1628 non
1338 1569 1417 1648 epte
1437 1560 1493 1635 sit,
1517 1564 1570 1622 aut
1587 1552 1700 1619 Arreti

232 1665 298 1740 σηξι
299 1660 426 1745 usipetes
448 1673 500 1729 eut
522 1666 716 1747 δηξίκαρδιος
739 1661 962 1750 recipiendum.
1007 1664 1043 1731 ln
1063 1669 1129 1750 pe}
1138 1663 1343 1754 ἄμβροτον
1371 1658 1468 1745 ilerde
1487 1655 1562 1744 Sup.
1581 1655 1647 1721 663
1671 1672 1700 1718 u.

231 1765 467 1828 semihumouus
496 1761 650 1851 denique,
681 1773 713 1830 nt
735 1766 769 1829 in
792 1761 926 1850 reliquis
955 1785 1023 1832 cum
1051 1773 1182 1854 ptyvvpc
1209 1765 1406 1852 compositis,
1431 1759 1573 1828 verbalis
1591 1757 1698 1840 signi

164 1925 165 1932 ,
230 1861 337 1930 leutio
359 1883 489 1952 prorsus
513 1865 581 1964 lere
604 1867 761 1932 exstincta
780 1875 841 1932 est.

331 1979 402 2048 Non
422 1953 543 2069 fugerit
563 1983 722 2063 lectorem,
746 1985 851 2050 omnia
873 1983 975 2050 iere
966 2003 1115 2050 inversae
1136 1937 1375 2070 compositionis
1398 1980 1605 2068 exempla-
1627 1979 1698 2063 qni-

233 2080 294 2150 sus
323 2081 475 2150 absolutis
499 2088 628 2152 nomina
658 2087 729 2171 ipsa
758 2087 820 2150 iam
851 2083 1116 2151 exhausimus—
1138 2088 1171 2151 iu
1194 2086 1386 2150 canticorum
1409 2092 1550 2149 ornatum
1570 2083 1700 2146 inventa

233 2205 315 2252 esse.
360 2174 463 2253 Multa
485 2189 578 2258 etiam
602 2186 640 2252 de
663 2185 844 2253 nominibus
868 2185 1190 2266 othenesiensem,
1215 2205 1295 2278 quae
1316 2204 1400 2250 nunc
1423 2181 1545 2250 differo.

836 2475 1091 2490 ’.Μ

786 2758 1033 2883 cunum
1065 2761 1149 2845 11.

660 2885 779 3030 on¹
852 2954 1035 3038 ιιιι
1084 2954 1111 3034 ιι
1163 2954 1175 3032 ι
1228 2947 1267 3030 s

330 3174 423 3244 Nulla
444 3174 514 3243 fere
538 3175 706 3246 diversitas
726 3181 892 3247 meierest
914 3201 1006 3269 σιιιιιιι
1025 3199 1108 3268 quae
1130 3179 1354 3246 internomina
1367 3175 1520 3264 Aeschyli
1542 3185 1574 3242 et
1595 3172 1695 3242 verbe

161 3267 166 3278 ’
227 3275 409 3344 intercedit.
455 3277 576 3344 inillis
597 3281 738 3347 varietus
761 3281 926 3350 luxurians
950 3294 980 3352 et
1001 3282 1131 3350 ubertas
1153 3299 1236 3368 quae
1258 3281 1311 3350 v'ix
1332 3277 1560 3370 comprehendi
1580 3277 1695 3365 possim

226 3381 262 3446 in
291 3379 342 3444 his
369 3379 556 3467 simplicitas
584 3391 617 3447 et
646 3384 804 3468 paschas:
832 3383 900 3452 illic
922 3387 1044 3453 uerum
1071 3383 1296 3470 modorumque
1324 3383 1522 3472 antiquorum
1550 3379 1696 3445 animose

227 3483 408 3554 reiteratio:
440 3479 492 3548 hic
514 3484 656 3552 tritarum
677 3486 854 3555 semitarum
880 3485 1114 3575 placidissimus
1138 3507 1223 3554 usus.
1267 3485 1375 3572 Neque
1397 3487 1516 3551 mirum.
1542 3479 1638 3548 4Νιιιιι
1658 3481 1695 3548 in

227 3583 336 3650 serbis
357 3603 434 3652 ossa
457 3595 489 3651 et
510 3583 609 3652 robur
627 3591 800 3668 sermome,
820 3610 885 3658 non
905 3589 1019 3669 decor,
1043 3590 1198 3656 cernitur:
1232 3593 1398 3676 quocirca,
1423 3587 1475 3676 qni
1495 3584 1599 3652 verbe
1616 3601 1692 3672 pro-

227 3695 336 3763 creat,
364 3688 589 3775 proprietatem
615 3698 647 3755 et
669 3688 857 3758 brevitatem
878 3703 1017 3762 sectatus
1044 3702 1106 3771 est,
1133 3711 1199 3759 uon
1222 3701 1365 3759 emerunt
1384 3709 1488 3777 neque
1510 3686 1693 3754 ubertatem.

227 3781 304 3852 tuor
337 3805 415 3853 uero
444 3789 594 3877 Aeschyli
623 3791 656 3858 in
686 3791 834 3880 lugende
864 3792 986 3872 σκοπὸς
1013 3795 1126 3873 luerit,
1163 3813 1226 3860 non
1249 3802 1300 3860 est
1327 3791 1412 3880 qaod
1433 3810 1516 3862 nune
1539 3803 1692 3856 moneam

226 3883 380 3972 liquidem
416 3907 454 3954 re
485 3909 552 3956 non
589 3893 783 3963 observata·-
795 3895 1008 3966 indubitanter
1040 3906 1144 3964 tumen
1180 3895 1410 3985 praedixerim,
1452 3889 1691 3980 conparatione

225 3987 387 4059 instituta
395 3990 486 4071 lore,
512 4003 547 4059 ut
570 3993 748 4085 Sophocles
774 4020 793 4067 e
820 3999 955 4086 tragicis
981 4001 1083 4087 poetis
1111 3987 1314 4088 plurimorum
1336 4017 1394 4087 pro
1412 4007 1484 4066 reta
1504 4002 1595 4083 perte
1616 4009 1692 4058 w

224 4085 336 4160 barum
364 4102 475 4168 tumor
500 4094 768 4184 deprehendetur
819 4101 945 4169 llaec
936 4119 971 4168 ιιι
997 4102 1193 4172 uniuersum:
1230 4121 1333 4190 neque
1363 4099 1404 4168 de
1430 4094 1567 4184 singulis
1594 4092 1693 4166 muu

84 4217 93 4235 ·
225 4189 385 4264 monenda
404 4207 507 4264 erunt
