3998 4950
196 320 371 388 *4⁰

431 495 488 562 His
511 494 651 572 exaratis
675 488 905 572 sterilissimum
925 495 1031 581 operis
1053 502 1176 581 partem
1205 493 1408 564 absolvimus.
1463 492 1548 574 Quid
1574 491 1657 560 euim
1684 490 1796 558 attinet
1897 545 1899 554 ,

325 599 485 672 uocabula
508 599 695 681 conquirere
720 601 751 658 et
772 594 973 674 accumulare
1002 595 1111 680 qualia
1139 616 1178 662 ex
1200 593 1412 666 mediocribus
1442 595 1582 680 ingeniis
1615 595 1796 660 emeruerint

327 705 429 774 solent
450 695 645 788 prolueret

519 901 546 946 c.
597 877 674 944 Ubi
707 879 918 944 membrum
949 878 1212 965 praecedens
1244 891 1308 947 est
1336 881 1605 968 praepositio.
1657 855 1660 862 ¹

439 1015 575 1082 Nomina
604 1029 686 1096 quae
713 1011 948 1096 praepositione
978 1011 1116 1098 praefixa
1145 1013 1318 1078 formantur
1348 1013 1448 1080 tribus
1486 1009 1650 1080 ordinibus
1688 1009 1797 1076 distri

328 1117 454 1184 buenda
477 1116 623 1189 luissent,
646 1114 709 1178 nisi
731 1111 903 1180 noluissem
928 1131 1082 1200 separare
1104 1133 1186 1199 quae
1211 1112 1346 1180 eandem
1373 1113 1640 1203 praepositionem
1670 1113 1798 1210 babent.

327 1219 420 1296 Nam,
442 1217 533 1285 utG.
559 1213 715 1280 Curtius
707 1234 739 1279 nn
761 1234 891 1298 gramm.
911 1234 958 1300 gr.
978 1215 1006 1300 p.
1028 1214 1107 1294 395,
1128 1209 1249 1281 3adn.
1274 1213 1378 1296 docet,
1401 1225 1532 1303 possunt
1554 1215 1634 1280 haee
1653 1224 1687 1280 et
1706 1233 1798 1301 pos·
1869 1207 1883 1216 ’

329 1322 536 1388 sessivam
569 1316 833 1400 significationem
857 1315 994 1394 habere,
1026 1325 1059 1382 ut
1079 1317 1234 1392 ε’νθεοςί.
1260 1338 1286 1382 e.
1311 1316 1328 1384 ὁ
1356 1315 1477 1385 θεόν’
1463 1345 1495 1384 εν
1524 1315 1608 1406 edroi
1641 1317 1741 1400 ἔχων,
1769 1313 1798 1381 et¹

330 1420 697 1489 determinativum
726 1419 779 1484 ubi
797 1419 1045 1508 praepositionis
1067 1419 1255 1504 significatio
1287 1417 1486 1488 adverbialis
1515 1415 1738 1497 resuscitatur,
1766 1429 1799 1486 ut

329 1525 549 1610 ἀμφιθέατρον
572 1533 601 1587 et
618 1525 791 1608 praecipue
814 1525 847 1586 in
872 1521 1054 1608 compositis
1079 1539 1148 1588 cum
1170 1523 1267 1606 stirpe
1291 1519 1432 1597 verbali,
1465 1533 1496 1586 et
1519 1522 1655 1607 denique
1681 1519 1797 1588 obie-

206 1634 209 1642 '
331 1630 481 1693 stivam
505 1626 533 1688 si
554 1626 801 1712 praepositionis
821 1624 870 1688 vis
895 1641 1005 1687 casum
1026 1623 1161 1708 regendi
1184 1632 1341 1700 servatur,
1366 1623 1400 1688 id
1423 1623 1508 1709 quod
1528 1643 1592 1689 non
1616 1621 1687 1689 fieri
1704 1643 1798 1712 posse

332 1737 467 1816 apparet
494 1727 558 1797 nisi
585 1728 819 1815 praepositione
848 1725 916 1790 c'um
941 1725 1067 1789 nomine
1097 1725 1296 1802 consociata,
1325 1734 1357 1790 ut
1383 1727 1416 1790 in
1437 1723 1598 1812 ἐγχώριος.
1640 1723 1799 1793 Interdum

327 1830 379 1907 it,
412 1839 446 1895 ut
475 1827 560 1893 idem
592 1830 794 1917 compositum
835 1823 990 1912 duplicem
1021 1826 1145 1894 sensum
1176 1827 1308 1904 habeat,
1347 1827 1562 1914 possessivum
1590 1822 1741 1928 videlicet
1769 1823 1800 1893 et'

330 1933 533 2008 obiectivum‚
565 1940 597 1997 ut
623 1933 750 2016 ἔνυδρος
779 1929 942 1994 immersus
973 1940 1003 1993 et
1025 1934 1178 2002 intercus,
1210 1939 1241 1993 et
1261 1929 1345 2014 quod
1368 1930 1453 1995 inira
1482 1939 1627 1996 occurret
1648 1923 1799 2015 ἔνθ’νροςς

213 2045 216 2050 “
332 2034 448 2104 dehis
477 2031 613 2098 Lobeck
642 2031 742 2118 paral.
773 2030 1032 2118 p.380-382.
1091 2030 1335 2117 comparatione
1362 2029 1503 2098 instituta
1532 2031 1799 2100 determinativum

331 2155 432 2222 genus
455 2135 741 2200 numerosissimum
761 2133 884 2212 evadit,
909 2133 1061 2220 quocirca
1083 2134 1186 2198 omnia
1209 2132 1282 2197 huic
1304 2129 1408 2198 ordlui
1430 2133 1571 2200 adiunxi.

433 2233 558 2320 Ἀμφί
576 2239 610 2301 in
628 2237 783 2302 nominum
808 2235 1036 2320 compositione
1057 2253 1156 2320 saepe
1178 2235 1211 2298 id
1234 2234 1355 2299 indicat
1377 2231 1461 2320 quod
1483 2235 1612 2301 latinum
1631 2240 1798 2319 utrimque,

332 2348 363 2403 ut
384 2337 563 2420 ἀμφιδέξιος
585 2341 605 2402 i.
627 2358 654 2402 e.
676 2338 843 2416 utrobique
864 2355 997 2399 monum
1020 2337 1185 2400 deuterum
1213 2339 1339 2402 haberes.
1384 2335 1472 2401 Haec
1502 2340 1600 2420 igitur
1620 2341 1800 2418 possessive

332 2447 420 2513 sunt,
447 2446 478 2499 et
497 2435 645 2520 Aeschyli
669 2433 825 2500 nonnulla
843 2435 910 2500 liuo-
925 2437 1099 2521 pertinent:
1121 2437 1384 2522 *ἀφιφιμήιωρ
1410 2437 1449 2500 ir.
1471 2437 1516 2500 74
1536 2435 1626 2501 Suid.
1650 2436 1668 2501 d
1692 2439 1798 2522 ἐνορο-

330 2538 440 2623 μῆτιορ
474 2536 704 2622 quadridetur
729 2539 905 2624 appositum
934 2536 1129 2606 substantioe
1161 2537 1291 2621 ἀδελφός
1325 2539 1425 2603 fuisse
1450 2549 1483 2603 ut
1511 2536 1585 2604 Eur.
1608 2537 1706 2604 neor,
1725 2536 1800 2616 4⁶17,

331 2640 588 2723 ἀμφίβοολος
609 2638 696 2710 Earn.
719 2641 786 2705 725
808 2643 960 2724 duplicem
980 2643 1176 2707 uoluntatem
1197 2645 1312 2708 nonme
1333 2642 1353 2708 i.
1377 2661 1403 2708 e.
1422 2644 1574 2707 decertas:
1607 2641 1800 2710 assimiliter

333 2742 530 2824 Hermannus
565 2741 704 2828 ἅνάνιιιιν
741 2742 993 2825 ἀμφίπτολιν
1021 2741 1099 2808 Gho.
1128 2745 1177 2808 ao
1201 2763 1224 2809 c.
1262 2743 1400 2830 explicat
1427 2747 1641 2810 morositatem
1670 2747 1801 2828 umato

334 2849 431 2918 redu,
463 2851 557 2930 „qua'
581 2844 705 2910 scilicet
726 2833 880 2912 serraca
904 2845 1015 2932 patria
1033 2847 1066 2909 in
1091 2845 1227 2912 anonam
1253 2845 1362 2912 urbem
1395 2847 1550 2914 abductae
1580 2849 1687 2924 sint=‚“
1716 2845 1801 2933 qnod

335 2948 379 3014 ab
398 2945 473 3011 aliis
497 2945 640 3026 fortasse
659 2949 775 3012 rectius
798 2944 956 3011 obiective
981 2946 1167 3032 intelligitur
1192 2951 1301 3016 urbem
1317 2952 1493 3016 includeris.
1508 2985 1551 3006 -
1595 2949 1800 3016 Verbalis

334 3061 404 3116 suut
426 3048 770 3116 determinativa:
792 3045 1030 3130 οἶμφιοοινὴς
1051 3047 1237 3134 ‘Edere-Ag.
1258 3050 1372 3116 sono.
1406 3057 1522 3120 edeam
1551 3073 1649 3136 puoto
1670 3072 1799 3135 puppo-
1865 3075 1871 3080 ·

335 3165 402 3225 tur,
426 3151 725 3236 ἅμφίστροφος
732 3157 823 3235 βᾶρις
845 3147 927 3234 Sup..
936 3150 1002 3214 847
1024 3149 1058 3216 id
1079 3152 1162 3237 quod
1185 3151 1313 3220 Humani
1331 3161 1399 3234 νῆες
1414 3151 1668 3238 sportarum‚¹
1646 3159 1798 3236 empto*

333 3274 501 3328 ωποςτ
471 3253 509 3318 st.
533 3252 576 3316 ll
599 3253 673 3320 Hes
704 3260 872 3336 περίωιτος.
899 3289 948 3306 n-
992 3246 1259 3322 ffbiactlvum
1283 3267 1329 3322 est
1358 3253 1601 3341 ομφοτειχὴς
1626 3253 1698 3388 lsnls
1727 3251 1795 3338 Spi-

333 3357 398 3420 273
420 3375 448 3422 c
475 3359 529 3438 quoi
552 3359 637 3421 circa
658 3359 768 3420 sorbeas
790 3366 965 3420 versatur.

432 3457 543 3522 Ἀντί
567 3477 635 3523 cum
654 3460 748 3544 stirpe
773 3456 865 3523 verbi
888 3457 1084 3521 coniunctum
1107 3456 1435 3528 determinativa
1455 3469 1610 3546 procreat,
1633 3461 1667 3523 iu
1686 3453 1801 3541 quibua

336 3557 495 3642 significat
518 3571 630 3626 contro
655 3570 709 3625 aut
726 3565 878 3626 vicissim:
902 3559 1074 3645 praecipue
1101 3571 1204 3625 autern
1227 3549 1303 3627 oum*
1319 3563 1523 3630 substantivis
1539 3570 1624 3626 amat
1643 3555 1799 3644 componi,

331 3658 415 3726 uude
441 3681 521 3747 quae
545 3663 704 3748 prodount
723 3661 874 3748 ploraque
897 3659 1110 3740 obiecti-uo
1129 3671 1208 3727 sunu
1262 3663 1322 3730 llla
1343 3664 1442 3731 allero
1471 3657 1802 3736 destruemus·-

333 3771 381 3839 1ος
408 3760 441 3827 P.
470 3763 533 3827 120
562 3785 604 3843 o,
641 3785 670 3830 ι.
705 3764 790 3832 1009
819 3762 1016 3827 ernanus.
1052 3769 1086 3842 (a
1110 3765 1297 3848 meatui-e
1328 3772 1495 3833 contrario
1526 3776 1621 3850 porro
1648 3775 1798 3845 strepens,

333 3862 632 3956 *uldredum
656 3865 745 3932 llum.
767 3865 834 3930 265
854 3862 892 3930 tP.
914 3861 980 3928 468
1003 3861 1142 3952 Lysupln
1162 3885 1269 3949 poena
1291 3871 1466 3940 ulciscente·
1483 3867 1714 3934 ἅντικτόνοι
1734 3857 1802 3942 (lllss
1894 3887 1902 3896 ‘

332 3977 436 4034 rocus
460 3971 625 4047 acuendus)
647 3974 755 4032 amaad
775 3966 862 4034 Eum.
887 3964 962 4038 45&
975 3966 1112 4032 suebum
1133 3971 1278 4040 caedens,
1309 3969 1554 4052 rr’rrdsolpoor
1578 3969 1663 4034 Eum.
1686 3963 1751 4030 542
1771 3977 1800 4032 dr

334 4073 392 4150 prri-
413 4070 534 4151 adquiri
559 4079 677 4135 commo
692 4068 774 4148 tectu
796 4069 907 4151 dapem)
928 4069 1040 4140 audet,
1065 4065 1320 4151 *ἀντιφόνων
1340 4071 1492 4139 θανάτων
1514 4072 1591 4154 deut
1609 4067 1676 4154 Spu
1689 4065 1757 4135 869
1773 4088 1803 4134 o.-

334 4167 432 4257 Sopd.
455 4170 503 4236 nt.
526 4169 592 4241 248
616 4188 707 4234 orces
725 4173 864 4234 umbrica
886 4178 1018 4237 reomao
1040 4172 1100 4249 (est
1126 4169 1209 4234 eninr
1230 4173 1419 4257 passivum:
1445 4171 1553 4258 paullo
1575 4170 1803 4242 audaciorem

786 4429 797 4468 l
