3998 4950
309 280 355 347 16

233 515 240 532 .
313 465 497 536 declinabili
529 467 586 534 sed
613 465 822 533 tautummodo
847 483 914 533 cum
937 463 1083 552 praefixis
1116 495 1156 548 a,
1183 493 1234 549 εν,
1257 473 1328 548 dee,
1357 465 1581 554 composuerit,
1611 476 1642 531 ut
1665 463 1776 533 deco

242 624 244 627 ψ
312 567 556 651 ληνοσνολος
579 570 654 658 Sup
672 571 754 643 221
776 593 1058 651 ενκοινομηιις
1083 569 1158 656 Sup
1176 570 1252 639 670
1296 568 1402 649 Quare
1423 589 1537 638 vereor
1559 590 1600 634 ne
1623 567 1775 635 Erlurdtu
1837 587 1840 594 ’

314 677 496 742 coniectura
519 675 597 740 ferri
620 679 755 759 nequeat
780 669 855 738 Cleo
875 671 951 739 725

963 785 1043 873 πρὸς
1065 795 1123 874 μὲν
1147 791 1268 863 οἰκέτας

699 885 1008 973 θετνσκῦθρωιιον
994 917 1080 968 anseg
1102 889 1250 976 ὀμμάτων
1272 890 1369 972 γέλων

700 989 856 1070 ueddouo',

315 1145 374 1211 pro
397 1121 483 1190 ’θέτο
507 1124 716 1214 σκυθρωπόν,
737 1123 757 1186 i.
780 1141 807 1188 e.
832 1121 1023 1210 ‚adoptivae
1047 1124 1205 1190 maestitia
1226 1123 1320 1207 signa
1340 1121 1535 1188 simulantem
1558 1127 1652 1189 risum
1677 1124 1779 1190 oculis

201 1289 205 1296 .
315 1227 466 1294 celans“:
495 1229 557 1293 nisi
583 1229 660 1315 quis·
683 1226 791 1291 dicere
816 1224 894 1292 velit
924 1228 957 1291 in
983 1225 1174 1312 σκυθρωπός
1204 1226 1439 1313 compositionis
1464 1236 1568 1291 notam
1594 1248 1652 1292 usu
1679 1230 1782 1313 cunuti-¹

316 1331 413 1397 diano
438 1331 506 1398 lere
531 1331 696 1397 evanidam
717 1347 804 1405 esse,
833 1338 867 1393 ut
889 1330 923 1393 in
944 1329 1078 1413 σώφρων
1101 1339 1131 1394 ot
1152 1333 1297 1414 μέτωπον
1317 1328 1399 1394 unde
1421 1329 1680 1413 μετωποσώφριιν
1701 1327 1777 1417 Sup.

316 1433 392 1501 184.
440 1433 552 1500 Paullo
581 1433 774 1520 frequentius
807 1431 1098 1517 deprehenduntur,
1135 1452 1265 1518 quonum
1289 1433 1420 1498 alterum
1445 1431 1614 1498 membrum
1641 1431 1780 1498 declina-

316 1532 384 1601 bile
402 1545 465 1611 est,
491 1534 623 1601 alterum
645 1555 685 1601 en
709 1533 894 1599 declinabili
917 1543 947 1600 et
968 1535 1124 1620 particule
1146 1543 1282 1611 cunstat,
1304 1544 1336 1599 ut
1359 1532 1612 1619 ἄωρόννκιος
1636 1535 1711 1601 Cho.
1727 1537 1779 1613 33,

237 1693 239 1697 ,
317 1630 680 1713 διισοδόπαίπαλος
704 1635 790 1703 Eum.
813 1639 896 1712 379,
930 1634 1331 1723 dnetpdduxpvgsup.
1358 1637 1409 1702 68.
1455 1636 1569 1703 Verum
1594 1638 1676 1724 quod
1699 1637 1780 1704 ller—

318 1759 451 1806 marmus
481 1740 605 1826 scripsit
640 1739 714 1805 (ho.
738 1741 811 1806 962
849 1739 928 1828 τύχα
955 1737 1352 1826 δἐὔνιροσωποκοίια
1384 1750 1414 1806 et
1441 1741 1543 1807 forma
1565 1741 1726 1826 iugulatur
1744 1751 1781 1805 et

320 1842 386 1910 loci
415 1843 565 1924 sensul.)
618 1841 780 1909 Minimum
810 1842 947 1930 denique
976 1841 1181 1908 offensionem
1206 1840 1341 1919 habent,
1379 1861 1508 1929 quorum
1534 1845 1663 1911 alterum
1690 1864 1781 1910 mem·
1825 1851 1831 1856 “

319 1945 408 2012 buum
435 1943 662 2012 indeclinabile
690 1956 752 2022 est,
780 1945 911 2010 alterum
933 1964 973 2009 en
996 1943 1182 2008 declinabili
1211 1953 1242 2007 et
1264 1943 1485 2010 indeclinabili
1512 1949 1722 2034 componitur
1751 1959 1784 2062 ut

318 2052 546 2125 δυσεκτέλεντος
569 2046 832 2132 δυςιιαράβονλος.
877 2045 943 2112 Sed
962 2045 1043 2112 haec
1065 2045 1227 2128 hactenus.

834 2286 920 2365 §.A
967 2286 989 2351 l.
1022 2285 1261 2369 copulative
1241 2305 1270 2350 u.

421 2468 555 2535 Lobeck
576 2468 618 2536 ad
638 2470 753 2554 Phryn.
771 2491 803 2556 p.
822 2470 904 2537 600:
936 2472 1101 2560 „Apparet
1117 2470 1268 2558 pleraque
1285 2489 1323 2536 ex
1338 2480 1474 2554 tempore
1493 2468 1533 2533 ad
1550 2467 1783 2536 similitudinem

323 2589 495 2661 paucorum
521 2572 647 2659 publice
677 2581 874 2660 receptorum
906 2573 1009 2639 elicta
1040 2585 1068 2640 et
1097 2595 1164 2640 cum
1193 2571 1405 2639 auctoribus
1396 2573 1473 2658 ipsis
1504 2580 1534 2636 et
1559 2583 1634 2638 nata
1659 2593 1731 2638 esse
1755 2583 1785 2678 et

326 2673 519 2743 occidissest
563 2675 657 2764 Etp
680 2675 761 2742 304.
788 2674 938 2762 „Quippe
960 2677 1039 2744 haec
1060 2677 1301 2753 vocabulorum
1332 2673 1445 2761 quibus
1468 2676 1613 2740 notiones
1634 2679 1786 2762 coniuga-

324 2789 378 2844 tae
411 2759 620 2857 continentur,
657 2780 883 2880 conglutinatio
917 2782 1109 2866 potissimum
1138 2783 1171 2845 in
1197 2781 1282 2845 uitae
1315 2776 1516 2864 quotidianae
1547 2798 1604 2844 usu
1634 2790 1786 2864 regnatu

323 2880 497 2948 Breuitatis
520 2881 622 2949 studio
647 2884 744 2968 igitur·
765 2883 842 2949 talia
863 2881 1064 2970 prodierunt,
1087 2893 1118 2949 ut
1132 2881 1263 2968 vulgata
1285 2879 1461 2964 ἁρμάμαξα,
1485 2880 1671 2965 θεότανρος,
1692 2911 1784 2950 κυνα·

225 2981 233 2992 ’
325 2981 450 3064 λώπηξ,
474 2992 528 3049 aut
547 2983 745 3070 negligentia
766 2984 819 3050 vel
840 3003 993 3072 perverso
1016 2989 1090 3052 novi
1114 2983 1234 3071 aliquid
1256 2982 1397 3066 fingendi
1421 2981 1583 3068 cupidine,
1607 2994 1640 3066 ut
1661 2983 1787 3071 Byzan-

325 3088 461 3181 tiuorum
492 3097 632 3152 monstra
659 3087 860 3175 οἰνδρογύνη,Ι
881 3091 1112 3173 τοξοφαρέιρα,
1142 3083 1181 3154 ed
1210 3090 1451 3172 γνναιιςονιαῖδα.
1494 3085 1671 3171 Aeschylus
1692 3088 1789 3167 hebet

327 3187 617 3274 ἰατρόμαντις,
655 3187 885 3282 latpdcjgllur
915 3197 967 3258 καὶ
992 3190 1101 3273 μάντις
1128 3191 1215 3256 Eum.
1238 3189 1282 3254 62
1313 3187 1352 3252 tle
1379 3188 1523 3277 Apolline
1552 3189 1716 3278 Sup.1250
1748 3191 1786 3257 de

327 3289 432 3379 Apide
462 3292 523 3377 Ag.
554 3292 639 3358 1592
674 3292 713 3357 de
743 3292 855 3380 poenis
890 3293 1003 3380 quibus
1029 3313 1167 3360 vesanus
1196 3294 1286 3360 luror
1315 3301 1460 3370 sanatur,
1499 3291 1787 3378 ὀνειρόμαντις

331 3393 408 3463 Cho.
430 3395 474 3460 32
495 3413 522 3459 c.
545 3398 703 3459 somnium
722 3399 900 3461 euticianus
928 3393 1080 3478 (Pollucis
1104 3397 1320 3486 interpretatio
1342 3393 1413 3472 Vll,
1437 3397 1509 3462 138.
1532 3385 1643 3480 μα’νιις
1664 3397 1790 3483 διείρειν

220 3557 226 3562 .
330 3517 351 3564 a
379 3517 475 3562 sensu
501 3496 707 3583 repudiatur).
756 3497 942 3584 Ambiguum
973 3507 1019 3563 est
1048 3505 1095 3575 τίς
1124 3497 1195 3566 ποτ’
1220 3499 1294 3565 ἔσθ’
1323 3495 1341 3564 ὁ
1370 3498 1643 3583 μουσόμαντις
1674 3499 1714 3566 sn.
1737 3500 1789 3578 62,

331 3599 416 3688 quod
436 3600 625 3704 pocabulum
649 3596 867 3686 Aristophanis
891 3603 1067 3667 irrisionem
1092 3621 1219 3688 passum
1243 3610 1291 3666 est
1311 3601 1368 3669 Av.
1387 3603 1466 3666 277:
1491 3611 1592 3687 potest
1616 3602 1696 3668 enim
1721 3599 1791 3674 esse

387 3909 417 3976 1)
442 3906 531 3962 Locus
560 3912 599 3963 sic
623 3908 766 3979 legendus:

703 4000 875 4073 τῦχαιδ’
893 3999 1015 4072 mapsam
1006 4001 1060 4074 ’πῳ
1079 4011 1157 4074 κοίτᾳ
1178 4005 1211 4060 τό
1228 4003 1287 4058 πᾶν
1329 4011 1332 4021 “

654 4128 659 4132 -
754 4086 821 4144 ἰδεῖν
840 4089 1001 4158 θρενμὲννισ

737 4161 878 4240 μέτοικον
867 4170 990 4239 adduam
1007 4193 1089 4228 πεσνν
1092 4191 1154 4230 mcor
1172 4172 1264 4229 πάλιν.
