3998 4950
969 1205 1081 1274 Dll'

348 1464 590 1560 nnsoorno
626 1461 978 1558 rocroonoomt
1009 1407 1280 1556 {hunroco
1318 1406 1697 1573 connnnrmto..

870 1781 1124 1793 w

270 2051 403 2183 Quum
426 2102 603 2166 statuissem
624 2112 656 2168 ut
677 2102 717 2166 de
737 2102 889 2188 Aeschyli
912 2103 1090 2169 elocutione
1113 2099 1265 2168 nonnulla
1288 2119 1509 2187 componerem
1532 2109 1604 2166 ante
1626 2100 1732 2166 omnia

269 2202 448 2265 accuratius
470 2199 613 2266 intellexi
634 2203 854 2287 inquirendum
878 2223 947 2269 esse
968 2203 1008 2267 de
1029 2203 1194 2270 vocabuhs
1215 2203 1256 2266 ab
1278 2201 1438 2286 Aeschylo
1463 2201 1605 2268 inventis.
1652 2200 1731 2266 Nam

268 2303 296 2366 si
322 2303 422 2366 omnis
445 2300 579 2366 elocutio
602 2299 775 2386 spectanda
807 2310 854 2376 est
875 2300 982 2368 verbis
1010 2311 1063 2366 aut
1084 2302 1219 2386 singidis
1242 2311 1295 2366 aut
1323 2303 1513 2380 coniunctis,
1543 2313 1576 2367 ut
1596 2301 1734 2388 loquitur

197 2433 199 2438 ·
270 2401 478 2498 Quintsinst.
508 2423 552 2474 or.
581 2401 660 2469 Vlll.
690 2401 719 2480 l,
750 2406 785 2480 1,
815 2403 959 2490 profecto
989 2401 1139 2488 Aeschyli
1171 2403 1322 2490 loquendi
1351 2405 1507 2472 rationem
1537 2402 1731 2470 illustraturo

268 2503 347 2570 nihil
369 2505 457 2591 prius
480 2523 551 2570 esse
573 2503 667 2571 debet
688 2504 891 2590 inquisitione
912 2502 952 2568 de
976 2504 1083 2570 verbis
1106 2505 1242 2590 singolis
1262 2505 1425 2573 ueletiam
1445 2505 1612 2572 verborum
1630 2526 1734 2592 gene·

269 2606 358 2673 ribus
383 2605 496 2692 quibus
517 2616 629 2672 utatur.
674 2607 735 2672 Vir
759 2605 841 2698 enim
861 2604 956 2684 ullum
979 2615 1102 2691 poetam
1123 2609 1223 2672 sciam
1247 2610 1335 2672 cuius
1356 2606 1460 2681 soluta
1480 2605 1639 2675 vocabola
1659 2617 1732 2674 tan-

270 2720 333 2775 turn
357 2706 496 2774 habeant
525 2693 677 2792 ponderis
702 2724 794 2791 quam
824 2705 990 2791 Aeschyli:
1021 2706 1054 2771 id
1089 2707 1173 2793 quod
1197 2727 1259 2774 nom
1284 2707 1385 2775 solum
1408 2707 1543 2773 lectione
1572 2709 1675 2793 prima
1702 2720 1733 2776 et

271 2810 396 2874 minime
428 2811 547 2873 intenta
575 2805 782 2894 perdocetur,
823 2806 881 2874 sed
912 2809 1006 2874 etiam
1039 2810 1237 2895 antiquorum
1269 2809 1452 2875 testimoniis
1483 2807 1690 2878 confirmatur.
1705 2811 1733 2893 1)

273 2909 386 2976 Verum
411 2909 554 2994 quaestio
580 2909 765 2996 quibusnam
791 2919 822 2974 et
844 2908 993 2995 qualibus
1016 2909 1241 2976 vocabulorum
1265 2910 1438 2996 generibus
1462 2920 1580 2988 utatur,
1602 2930 1732 2996 prorsus

272 3011 341 3079 sere
364 3012 508 3098 congruit
532 3030 600 3076 com
623 3011 689 3077 alia
710 3010 783 3090 illa,
815 3031 970 3098 quaenam
993 3022 1022 3079 et
1042 3022 1118 3098 quot
1143 3010 1301 3078 vocabula
1323 3014 1441 3098 primus
1461 3010 1636 3097 Aeschylus
1657 3033 1732 3100 pro-

275 3113 408 3180 duxerit.
464 3111 636 3179 Admodum
658 3115 739 3180 enim
762 3135 837 3180 vere
861 3115 1001 3200 quamvis
1027 3113 1085 3180 sub
1116 3113 1249 3179 ioculari
1276 3111 1439 3180 involucro
1462 3125 1571 3182 noster
1596 3113 1636 3180 ab
1659 3115 1733 3180 Ari-

273 3216 427 3304 stophane
453 3215 628 3304 appellatur
651 3215 669 3283 ὁ
693 3221 815 3300 πρῶτος
834 3220 894 3282 τῶν
915 3205 1064 3296 Ἑλλήνων
1085 3215 1257 3302 πυργώσας
1277 3213 1401 3301 ῥήματα
1414 3203 1521 3306 ⁴ceyto'rol
1543 3223 1596 3282 καὶ
1616 3215 1734 3300 aconti·

273 3344 332 3395 σας
358 3315 504 3402 τραγικὸν
528 3325 638 3401 λῆρον,
671 3318 691 3384 i.
716 3339 743 3384 c.
770 3320 915 3385 inventor
941 3317 1055 3403 tragici
1081 3319 1235 3383 sermonis
1261 3328 1290 3384 ct
1311 3316 1470 3395 thesauri,
1500 3316 1554 3403 qni
1575 3337 1667 3404 quum
1690 3317 1734 3384 ad

276 3419 460 3486 exornanda
489 3419 578 3499 πάθη
606 3417 683 3484 nihil
705 3419 774 3486 fere
796 3417 927 3486 haberet
950 3437 1042 3504 quam
1063 3418 1145 3505 epici
1169 3421 1323 3486 sermonis
1345 3420 1574 3507 simplicitatem
1594 3428 1624 3485 et
1644 3429 1733 3486 veto-

280 3595 635 3608 *anum—-

329 3696 358 3764 1)
381 3695 476 3751 Aesob.
496 3698 567 3749 viia:
596 3692 673 3762 ζηλοῖ
697 3689 729 3746 τὸ
753 3689 838 3760 ciderio
862 3689 904 3748 det
922 3697 968 3746 acl
985 3689 1137 3764 dndpoynav
1155 3672 1382 3763 o'voyccsoaterdcm
1401 3709 1431 3745 ca
1451 3689 1671 3750 salinaticum,
1692 3689 1734 3744 ἔτι

382 3777 410 3831 dt
430 3777 661 3848 sul'paccqoqnis
685 3775 763 3831 Dion.
783 3773 842 3829 liat.
864 3790 935 3830 cons.
957 3781 1009 3830 vct.
1030 3775 1070 3842 ll,
1091 3781 1126 3832 10
1151 3773 1312 3846 δημιουργὸσ
1327 3779 1374 3828 καὶ
1390 3771 1506 3842 ποιητής
1531 3771 1607 3830 ἰδίων
1630 3771 1735 3841 ὄνομά·
1806 3790 1811 3796 ·

383 3881 438 3916 των
456 3867 502 3914 καὶ
519 3860 698 3933 πραγμάτων.
734 3859 808 3922 Quae
825 3863 849 3914 si
871 3859 905 3914 ab
926 3857 1078 3914 hominibus
1099 3859 1184 3914 doctis
1199 3867 1226 3914 et
1246 3859 1365 3914 carmina
1379 3873 1411 3912 ox
1425 3859 1626 3928 ipsius·podtae
1644 3864 1733 3912 aetate

383 3945 586 4000 aestimantibus
614 3946 782 4012 iudicantur,
813 3944 876 4016 quid
900 3946 993 3998 mirum
1021 3942 1211 4013 Aristophanis
1238 3943 1366 4014 aequales
1395 3944 1555 3996 comicorum
1582 3942 1684 3997 salibus
1708 3946 1736 3996 et

382 4027 535 4098 Euripidcis
554 4030 694 4085 lenociniis
712 4029 839 4084 adsuetos
857 4029 1024 4084 contulisse
1047 4026 1225 4101 (trjposc'illa
1241 4025 1366 4096 Aeschyli
1384 4021 1566 4094 ἱπποβάμονα
1583 4033 1610 4081 et
1627 4045 1736 4096 γομφο-

382 4113 459 4182 παγῆ
484 4122 511 4168 ct
537 4115 643 4184 γηγενεῖ
665 4111 805 4182 φυσήματι
832 4113 905 4168 edita
929 4128 947 4168 o
970 4116 1053 4182 podia
1078 4107 1394 4191 aeonoqaseloqoq'roors
1416 4109 1456 4178 (v.
1475 4109 1521 4163 Ar.
1541 4109 1608 4167 Ean.
1628 4127 1653 4168 v.
1673 4114 1734 4176 820,

381 4197 446 4262 824,
467 4204 520 4258 839
536 4197 611 4266 etc).
733 4235 736 4246 .
1201 4231 1210 4244 ·
1413 4199 1417 4209 ‘
