3998 4950
330 347 375 414 ttl

334 561 387 613 κος
408 533 450 600 ci.
473 527 613 594 Labicis.
637 524 679 592 ad
700 523 753 590 ni.
775 545 803 590 v.
822 521 901 600 127,
926 541 1009 610 quae
1033 533 1119 590 certe
1142 526 1175 589 iu
1196 481 1432 611 popinatur
1455 521 1541 592 Eum.
1555 527 1621 592 772
1643 537 1673 594 et
1694 529 1758 596 toa
1776 550 1802 596 c.

335 639 473 722 grauiter
493 637 595 697 iratus
627 631 715 712 viget
736 635 829 712 atque
852 625 944 702 valet.
999 627 1023 690 A
1049 629 1162 692 tertiae
1190 625 1412 694 declinationis
1434 626 1613 694 nominibus
1638 630 1802 698 descendit
1858 657 1863 670 ·

333 737 555 806 πολοσινσῦ
585 728 677 816 (libri
706 730 906 809 πολυσινοῦς)
936 724 1027 804 κυνός
1055 734 1140 808 δίκην
1171 729 1248 796 (llio.
1271 729 1336 795 441
1368 751 1394 796 c.
1423 749 1516 812 saepe
1543 747 1678 806 noceas,
1712 753 1801 819 quam

333 835 504 906 Hermauni
527 829 777 900 emendationem
798 831 917 916 recipio
941 851 1004 896 non
1024 833 1211 916 sigmatismi
1227 834 1346 899 vitandi
1364 852 1463 898 causa
1486 833 1537 910 (cf.
1556 831 1689 899 Lobeclr
1703 833 1804 921 paral.

333 965 363 1031 p,
386 941 459 1022 53),
482 932 539 1003 sed
563 936 638 1020 quia
662 919 895 1014 terminatio'r'r}
916 937 949 1000 in
963 935 1032 1000 boc
1054 944 1139 1001 certe
1162 954 1280 1019 genere
1301 937 1451 1020 passivae
1472 934 1695 1020 significationi
1715 933 1805 1003 vidc-

335 1059 385 1113 tur
407 1046 573 1109 reservata
595 1056 678 1102 esse.
724 1033 824 1102 Unum
847 1047 894 1102 est
909 1040 1023 1104 tertiae
1040 1035 1263 1103 declinationis
1286 1036 1583 1124 πολομνῆοιαρ
1607 1037 1682 1125 Sup.
1698 1037 1763 1104 519
1777 1059 1804 1104 c.

335 1149 428 1213 ualde
449 1155 577 1207 mernor.
623 1136 730 1204 Pauca
755 1138 910 1225 quaedam
935 1158 972 1205 aa
995 1139 1092 1226 plana
1115 1143 1220 1206 omnia
1245 1159 1283 1206 ex
1306 1138 1428 1207 duobus
1452 1140 1619 1207 adiectiris
1644 1150 1804 1208 constant:

337 1249 602 1318 οόθοδίκαιοι
626 1238 660 1306 δ’
680 1239 803 1324 οἰόμεθ’
822 1237 900 1306 εἶναι
928 1241 1015 1309 Eum.
1039 1244 1105 1310 309
1128 1262 1180 1308 an.
1211 1247 1317 1308 stricte
1339 1245 1456 1318 iustae,
1483 1250 1525 1330 μῆ
1547 1249 1601 1308 καὶ
1623 1242 1714 1319 πόλις
1736 1240 1803 1325 όρ-

267 1377 282 1404 ·
336 1355 552 1420 θοδλκαιοι
573 1341 659 1408 Eum.
683 1345 748 1409 976
774 1364 824 1410 an.
853 1356 934 1410 recto
956 1349 1059 1410 iustae
1091 1345 1143 1427 (de
1167 1364 1227 1431 quo
1252 1342 1417 1411 dubitabat
1435 1343 1567 1411 Lobeok
1590 1346 1692 1432 paral.
1714 1345 1803 1427 247),

336 1461 442 1538 βαθο
452 1447 571 1535 χόλος
594 1444 668 1533 Sup.
691 1445 756 1510 825
778 1466 805 1516 ο.
835 1450 1008 1530 antiquitus
1037 1449 1149 1512 nobilis
1183 1451 1269 1530 (χαοι
1292 1458 1362 1513 sunt
1383 1447 1508 1512 nobiles
1530 1451 1684 1526 maiores,
1714 1449 1805 1534 χόλος

316 1565 385 1624 ‘est
411 1548 494 1641 apud
514 1546 619 1631 lies),
647 1551 736 1630 κτήνη
760 1555 1021 1630 δημιοπληθῆ
1053 1550 1114 1633 Ag.
1140 1547 1204 1614 124
1228 1567 1255 1613 c.
1283 1551 1406 1630 publice
1425 1552 1534 1632 plena.
1576 1551 1670 1617 Addo
1693 1557 1804 1630 Μῆδος

336 1649 632 1744 peripateticae
662 1650 737 1716 v.¹l
765 1650 930 1736 epitaphii,
969 1661 999 1716 et
1027 1652 1121 1736 ἔγχος
1149 1653 1463 1736 durataeque&
1491 1654 1530 1719 fr.
1553 1652 1618 1719 401
1648 1655 1803 1739 composi·

335 1772 397 1828 tum
419 1758 459 1822 ab
484 1751 653 1828 adverbio,
692 1763 722 1818 et
742 1752 913 1818 Hermauni
943 1752 1080 1839 denique
1104 1755 1317 1820 coniecturam
1344 1751 1520 1838 elegantem
1542 1781 1800 1840 μεμισιοοιο-
1833 1783 1837 1788 ’

336 1861 494 1950 φρόναις
517 1854 603 1920 Eum
628 1853 673 1919 44
694 1859 938 1939 sapientissime,
966 1876 1059 1942 quam
1080 1857 1243 1948 proposuit
1266 1857 1298 1919 in
1324 1855 1425 1922 locum
1447 1857 1594 1924 lectionis
1615 1867 1701 1938 iuvet
1716 1865 1804 1943 μεηλ-

237 1981 244 1993 “
335 1989 400 2050 σνῳ
422 1957 592 2042 σωφρόνως
612 1959 810 2042 ἐστεμμένον.

384 2129 385 2132 “
439 2062 541 2127 V⁰¹¹50
565 2079 647 2125 ”¹¹³⁰
675 2059 716 2125 ad
740 2059 868 2156 ¹⁰¹¹g³ffi
892 2061 1205 2158 sfflefflluafflfflss
1228 2058 1325 2124 facile
1349 2055 1448 2125 oculis
1474 2060 1726 2147 comprehendas
1750 2059 1805 2126 ad·

337 2171 520 2237 iectivorum
541 2163 815 2229 terminationibus
837 2190 889 2245 ος,
911 2187 980 2237 τος,
1004 2187 1038 2240 ης
1060 2160 1110 2226 vel
1130 2186 1199 2240 ετης
1227 2179 1247 2224 a
1269 2161 1375 2227 verbis
1397 2161 1601 2231 inductorum·
1624 2217 1627 2220 ,
1647 2165 1803 2230 Derim,

336 2285 387 2340 tur
414 2279 514 2336 autem
546 2283 566 2329 a
595 2273 730 2350 quatuor
757 2264 907 2353 stirpibus
935 2265 1142 2349 potissimum:
1173 2264 1364 2347 praesentis,
1398 2265 1528 2352 perfecti
1549 2268 1696 2342 secundi,
1729 2285 1803 2352 per-

336 2377 412 2452 fecti
444 2368 580 2458 passivi,
614 2370 724 2431 aoristi
755 2366 884 2432 secundi
915 2365 970 2444 (ci.
995 2364 1126 2430 Lobeck
1147 2384 1288 2451 parerga
1316 2365 1357 2432 ad
1380 2367 1450 2434 Phr.
1475 2387 1500 2431 c.
1526 2366 1562 2431 ll.
1596 2374 1624 2446 ς.
1646 2370 1689 2446 3).
1734 2365 1802 2430 Sed

339 2477 502 2568 quoniam,
534 2477 567 2532 ut
589 2464 643 2532 ille
666 2467 805 2553 loquitur
826 2489 855 2554 p.
880 2463 963 2541 574,
998 2467 1079 2532 haec
1111 2469 1216 2532 omnia
1243 2468 1344 2533 multis
1375 2466 1474 2532 modis
1503 2469 1800 2562 interserebant,

338 2589 370 2647 ut
398 2596 439 2641 ne
468 2569 592 2636 deliniri
618 2569 740 2655 quidem
771 2589 895 2656 semper
924 2572 1025 2655 possit
1055 2569 1130 2655 quid
1158 2589 1178 2634 a
1210 2589 1270 2654 quo
1300 2578 1398 2634 ortum
1419 2570 1472 2645 sit,
1505 2588 1596 2654 quum
1619 2567 1804 2654 praesertim

340 2678 452 2748 aoristi
484 2682 514 2740 et
540 2671 682 2759 perlecta
709 2672 849 2739 secunda
877 2690 1030 2760 persaepe
1055 2673 1087 2736 iu
1109 2673 1284 2758 praesentis
1310 2670 1462 2757 simplicis
1486 2681 1523 2736 et·
1537 2672 1684 2756 primitivi
1711 2669 1805 2756 quale

340 2781 466 2874 quidem
486 2778 520 2840 in
544 2785 611 2840 arte
634 2777 760 2862 ponitur
781 2773 1014 2840 similitudinem
1035 2775 1215 2838 incurrant:
1246 2773 1418 2838 secuudum
1441 2775 1677 2839 terminationes
1701 2776 1804 2860 potius

277 2911 289 2924 ¹
341 2883 472 2972 glossae
493 2880 525 2942 in
549 2895 636 2942 suam
658 2895 803 2976 quaeque
826 2879 916 2962 quasi
938 2876 1047 2978 tribum
1073 2875 1292 2972 inscribentur.

439 2978 677 3048 Terminatione
705 3006 739 3056 ος
768 2977 912 3045 radicale
944 3005 959 3044 ο
988 2976 1071 3065 baud
1095 2997 1169 3042 raro
1193 2979 1226 3041 iu
1255 3006 1272 3044 ο
1301 2977 1519 3057 commutatur,
1548 2975 1602 3044 vel
1624 2981 1744 3065 potius,
1774 2986 1803 3041 ut

280 3096 286 3101 '
339 3085 538 3173 grammatici
561 3092 666 3147 amant
691 3080 814 3157 dicere,
843 3079 1030 3146 adiectivum
1052 3097 1071 3143 a
1093 3078 1233 3164 perlecto
1257 3079 1395 3144 secundo
1419 3079 1599 3146 deducitur:
1626 3101 1686 3167 quo
1709 3079 1801 3153 iacto,

339 3193 367 3256 si
389 3188 519 3253 verbum
545 3186 741 3250 transitivum
762 3183 837 3260 fuit,
871 3193 1006 3248 accentu
1026 3191 1089 3246 aut
1119 3179 1308 3267 penultimae
1337 3191 1391 3247 aut
1414 3183 1676 3269 antepenultimas
1702 3185 1798 3262 impo-

339 3292 399 3358 sito
423 3286 570 3356 adiectivi
593 3286 782 3368 significatio
807 3295 860 3351 aut
882 3287 988 3352 activa
1011 3295 1064 3349 aut
1086 3285 1215 3369 passiva
1240 3283 1406 3352 iudicatur.
1452 3285 1716 3367 Λεπκόδομον
1735 3291 1800 3347 πει-

219 3398 223 3406 ’
338 3417 404 3474 αμα
425 3390 513 3455 Pers.
535 3389 599 3452 110
621 3408 647 3453 c.
681 3393 813 3452 tenuiter
836 3397 1030 3458 eustracius,
1062 3391 1205 3468 δαίμονες
1233 3385 1458 3472 ὀρθονόμοι
1483 3387 1569 3454 Εοιο.
1590 3387 1655 3452 948
1675 3407 1702 3454 c.
1723 3396 1802 3452 recte

339 3495 559 3564 retribuentes,
574 3518 634 3572 ¹zu
646 3488 855 3573 χόπομποι
877 3495 1010 3573 διαμμοί
1030 3486 1107 3573 Sup.
1132 3489 1216 3554 1018
1238 3507 1264 3552 c.
1296 3495 1526 3572 persecutiones
1549 3493 1686 3556 celeriter
1708 3507 1802 3569 eape-

341 3597 425 3660 ditae
448 3595 468 3657 i.
493 3611 519 3657 e.
544 3595 674 3664 celeres,
703 3588 944 3672 νεοδρόποις
970 3590 1109 3658 κλάδοισι
1131 3591 1209 3676 Sup.
1230 3591 1295 3654 339
1315 3596 1410 3658 modo
1436 3597 1599 3676 decerptis,
1629 3589 1802 3672 όξόμολ-

338 3723 412 3763 πον
434 3695 578 3776 οἷ’μωημα
598 3692 663 3780 Spt.
688 3694 772 3758 1007
796 3712 822 3758 c.
844 3713 964 3776 magau
984 3714 1058 3758 uoce
1082 3705 1260 3768 cantatura,
1292 3694 1589 3780 κραιπνοφόροι
1607 3699 1642 3760 δὲ
1662 3697 1694 3776 μ’
1709 3691 1802 3776 ἔπομ-

338 3821 403 3886 pur
426 3791 520 3880 αὖραι
541 3793 643 3863 Prom.
669 3796 732 3859 132
754 3814 781 3862 c.
802 3797 947 3861 velociter
968 3800 1121 3880 serentes,
1144 3797 1450 3879 μιηαλόστονον
1468 3802 1557 3882 πῆμα
1579 3797 1683 3864 Prom.
1696 3795 1762 3862 413
1775 3814 1802 3862 c.

338 3905 430 3967 ualde
452 3901 643 3983 deflendum,
679 3897 1012 3982 πρωτοκτόνοισι
1037 3911 1255 3986 προστροπαῖς
1276 3899 1406 3974 Ἰξίονος
1429 3897 1515 3964 Eum.
1537 3902 1603 3965 710
1619 3903 1722 3982 primo
1747 3915 1802 3960 tta-

340 4009 458 4077 cautis,
493 3996 751 4080 πολόδρομος
781 3995 865 4085 pupi
892 3998 965 4086 Sup.
989 4002 1055 4065 707
1078 4021 1105 4066 c.
1137 4005 1171 4065 iu
1192 4005 1266 4082 iqua
1288 4003 1420 4064 multura
1442 4007 1597 4074 curritur,
1627 3995 1803 4066 πολύδο-

338 4129 406 4180 νος
428 4101 526 4182 πλάνη
550 4099 599 4167 Pr.
626 4101 691 4165 789
716 4105 928 4187 multifariam
959 4105 1217 4186 circumagitata,
1247 4101 1511 4188 θηλύσπορος
1537 4104 1631 4184 γέννα
1653 4098 1703 4166 Pr.
1729 4101 1802 4177 875,

340 4215 370 4272 et
394 4205 669 4292 πριιόσπορος
689 4202 767 4287 γονή
796 4203 884 4271 Pers.
905 4205 979 4270 820.
1006 4243 1048 4252 -
1094 4207 1123 4269 A
1145 4203 1252 4270 verbis
1277 4207 1366 4294 puris
1389 4200 1598 4269 descendant:
1626 4203 1802 4287 πλαοόρ-
