3998 4950
326 335 369 400 38

230 557 238 575 ·
327 515 414 584 1058
442 509 700 598 φρονόπληντος),
724 500 1019 592 οὖρανοστεγής
1047 497 1147 580 ἆθλος
1181 501 1218 568 fr.
1240 501 1363 580 309,2
1390 503 1481 568 labor
1510 503 1629 566 coelum
1647 501 1789 584 ‘fulcient

332 617 384 698 (tle
408 615 562 693 Atlante),
584 611 658 690 ἆνδ
663 635 759 697 perv
767 605 835 691 χὴς
860 613 966 689 βίοτος
984 610 1132 672 νεανίδων
1152 603 1321 670 11314946
1343 625 1370 674 c.
1394 607 1546 670 maritum
1568 607 1685 688 adepta
1705 606 1790 678 uita,⁸

332 741 352 786 a
371 715 499 805 liquidis
522 707 777 797 δομοσφαλνὶς
796 709 911 784 νπίπος
934 708 1055 792 ὄμβρον
1076 707 1135 792 Ag.
1160 709 1245 774 1500
1267 727 1294 772 c.
1317 709 1444 773 donnum
1466 711 1645 781 destruens,
1670 713 1793 772 πολο-

328 817 453 902 αανὴς
474 821 575 884 θυσία
598 814 660 896 Ag.
682 813 768 878 1128
790 832 815 878 e.
837 815 970 878 multum
988 811 1146 894 (penulis)
1169 813 1375 895 interficiens,
1399 808 1459 891 ἔπη
1480 807 1681 894 ἀρχηγενῆ
1704 812 1794 871 κλαο-

331 949 437 1009 μαναν
459 922 519 1003 Ag.
543 915 628 980 1597
646 918 840 998 principium
860 916 1048 998 penernntie
1067 914 1180 990 nerlu·
1214 913 1342 1001 spuris
1366 911 1504 999 denique
1529 907 1822 995 δεμνιοτήρης

332 1020 693 1104 advesperascente)
717 1017 778 1101 lig.
798 1017 841 1082 53
862 1037 912 1082 an.
941 1018 1053 1081 lectum
1075 1019 1252 1082 eustodiens
1278 1025 1309 1082 et
1336 1021 1363 1081 δ.
1385 1026 1481 1098 μοῖρα
1507 1034 1536 1081 v.
1560 1011 1646 1078 1412
1668 1031 1694 1078 ο.
1722 1013 1743 1076 i.
1768 1029 1796 1076 e.

334 1126 480 1200 morbus,
507 1115 756 1202 καρποτνλῆς
784 1125 825 1201 μᾶ
854 1117 929 1207 Sup.
950 1117 1015 1183 660
1035 1137 1061 1184 c.
1081 1122 1222 1203 [melnen
1243 1129 1428 1190 maturans,
1457 1113 1630 1201 παραφορὰ
1650 1139 1795 1202 φρενο-

333 1223 449 1304 δαλής
478 1221 565 1288 llum.
590 1222 655 1286 328
685 1231 716 1286 et
743 1219 808 1286 441
832 1239 858 1285 ο.
888 1224 1032 1304 confusio
1061 1232 1196 1286 mentem
1221 1222 1345 1285 laedens
1372 1221 1511 1302 (δηλέα),
1538 1211 1797 1306 θηλακρατὴς
1847 1241 1853 1254 ·

333 1332 412 1414 ἓρας
434 1324 598 1392 crossen
623 1343 649 1388 c.
675 1342 768 1389 emer
790 1327 915 1407 feminis
938 1327 1110 1407 imperans.
1155 1325 1266 1406 Δὲρμα
1293 1347 1356 1410 τρι
1363 1323 1537 1407 χορροὲς
1566 1318 1604 1404 ir.
1623 1320 1691 1386 290
1718 1321 1796 1384 entis

336 1433 442 1516 depiiis
467 1437 515 1492 est
536 1424 790 1514 parasyntheten.

435 1546 570 1611 Praeter
592 1545 651 1610 has
680 1517 932 1610 terminationem
955 1524 1023 1625 μον-ν
1045 1538 1220 1624 Aeschylus
1244 1538 1346 1605 tribus
1371 1538 1520 1625 stirpibus
1543 1539 1707 1606 adnexuit:
1735 1562 1796 1604 νε-

336 1651 569 1739 κροδέγμων
589 1645 698 1725 ’Ἅιδης
728 1643 779 1710 Pr.
803 1644 866 1708 153
892 1660 919 1707 ο.
947 1654 1090 1708 mortuos
1119 1647 1289 1726 recipient,
1328 1643 1607 1726 οίοτοδέγμων
1635 1639 1799 1724 θησαυρός

339 1755 373 1822 P.
391 1753 457 1818 990
481 1769 507 1814 s.
535 1751 556 1814 i.
579 1769 605 1815 e.
640 1747 806 1835 pharetra,
836 1744 1099 1828 *ἱπποβάμαν
1127 1745 1261 1830 στρατός
1284 1743 1333 1809 Pr.
1360 1745 1426 1810 806
1457 1764 1571 1829 eqnnm
1590 1745 1798 1810 cereseenriens

337 1855 422 1944 quod
444 1850 646 1927 venabulum,
678 1850 820 1935 quamvis
848 1845 932 1933 apud
948 1845 1145 1934 'Sophoclem
1168 1857 1198 1913 et
1219 1845 1400 1935 Euripidem
1423 1849 1673 1934 setis-frequens
1695 1849 1751 1922 sit,
1780 1865 1800 1910 a

337 1967 446 2024 nostre
475 1967 580 2020 temen
602 1955 760 2018 inventum
784 1969 854 2016 esse
884 1948 1034 2015 irrisione
1055 1949 1114 2015 ille
1135 1949 1372 2036 Aristophanen
1393 1947 1536 2035 proditur
1564 1949 1682 2034 ῥήμαθ’
1703 1950 1798 2014 ἱππο-

336 2059 476 2143 βάμονα,
495 2053 534 2121 τί
554 2051 811 2136 πεδοβάμονα
836 2049 913 2116 Che.
932 2050 998 2115 585
1022 2071 1049 2117 ο.
1073 2072 1155 2134 qnae
1179 2055 1213 2116 in
1229 2053 1363 2134 planitie
1384 2054 1548 2126 incedunt,
1577 2051 1691 2138 quibus
1716 2050 1799 2116 adde
1883 2065 1891 2092 t

335 2155 528 2240 λεοντοβνί
536 2185 637 2238 μονα
665 2153 767 2238 σκάφη
794 2152 832 2218 ir.
854 2153 919 2218 239
948 2173 1005 2219 ves
1034 2152 1264 2220 balneatorium
1290 2157 1429 2220 leoninus
1461 2158 1481 2220 i.
1502 2175 1530 2222 e.
1558 2158 1690 2220 leoninis
1709 2157 1799 2239 pedi-

339 2267 394 2330 bns
419 2264 581 2334 incedens,
603 2259 678 2324 lieet
697 2254 835 2322 dativum
857 2254 991 2331 habeat,
1019 2259 1364 2339 nsteeotpe‘ppnv
1387 2261 1478 2336 νῆσος
1500 2256 1532 2322 P.
1553 2257 1620 2323 304
1642 2259 1800 2324 colunias

341 2369 427 2433 alens
449 2360 632 2445 (Salamis),
662 2369 692 2423 et
720 2361 1021 2440 πολυθρέμμων
1053 2365 1166 2434 Νεῖλος
1196 2356 1229 2421 Ρ.
1251 2357 1297 2421 34
1319 2377 1370 2423 an.
1392 2362 1506 2424 multos
1529 2361 1584 2426 vel
1603 2365 1704 2427 multu
1728 2364 1799 2426 ani-

341 2469 440 2533 malia
464 2466 568 2534 aiens,
589 2457 673 2546 qued
696 2467 802 2523 tamen
825 2460 918 2522 etiam
939 2468 1041 2544 potest
1063 2457 1163 2526 πολλοὶ
1185 2463 1357 2546 θρέμματα
1376 2459 1456 2543 ἔχων
1480 2481 1561 2529 esse.

439 2580 618 2646 Rarissimu
648 2581 694 2642 est
724 2561 770 2652 αἶ
790 2575 985 2663 terminatio:
1020 2576 1271 2662 παιδολυμαὶς
1298 2577 1431 2655 Θεσπιάς
1455 2580 1532 2648 Cho.
1558 2581 1624 2647 596
1650 2599 1675 2647 ο.
1704 2582 1803 2664 pirum

336 2688 513 2772 perimeres,
551 2680 635 2768 quud
664 2676 846 2745 theelrius
874 2677 980 2744 Parui.
1014 2699 1044 2765 p.
1074 2682 1139 2746 266
1175 2685 1388 2770 paroxytenis
1428 2685 1569 2770 scripsit,
1606 2683 1804 2749 Hermannus

340 2795 514 2874 praeeunte
532 2781 697 2849 Dindurlie
722 2782 796 2847 acui
817 2779 934 2847 maluit.

791 2979 825 3061 b)
858 2979 968 3060 Quae
998 2981 1176 3048 dativum
1200 2981 1359 3050 habent.

446 3147 579 3212 Dativus
607 3145 794 3230 saepissime
821 3147 1017 3212 instrumenti
1048 3143 1100 3211 vel
1130 3146 1269 3211 auctoris
1293 3153 1354 3212 est:
1382 3145 1551 3213 membrum
1575 3148 1707 3216 verbale
1725 3169 1804 3214 non-

343 3267 511 3333 numquam
533 3248 653 3324 entire,
684 3249 813 3333 saepius
841 3251 971 3335 passive
999 3247 1259 3332 intelligendum,
1292 3246 1350 3313 sed
1376 3249 1459 3314 inter
1485 3248 1660 3314 absolutam
1690 3261 1719 3316 et
1743 3267 1800 3336 pu-

343 3349 501 3418 tentinlem
528 3351 606 3432 (sive
630 3351 851 3434 gerundivam)
875 3352 994 3436 passivi
1015 3348 1278 3434 significationem
1300 3370 1398 3438 saepe
1423 3370 1487 3417 non
1509 3349 1770 3436 distinguendum.
1860 3437 1866 3448 .
1986 3335 1987 3400 Ῑ

776 3537 807 3604 α)
830 3535 979 3590 Datiuus
1007 3551 1077 3590 eum
1105 3537 1226 3590 antire
1252 3551 1368 3591 sensu.

446 3664 482 3730 ln
502 3652 546 3742 ἆ
562 3665 699 3754 simplex.
715 3677 846 3734 exeunt:
874 3664 1101 3742 Ἅλίστονος
1123 3664 1218 3752 ῥαχία
1240 3666 1289 3735 Pr.
1305 3670 1370 3734 137
1385 3672 1472 3734 mari
1492 3667 1650 3757 (anctore)
1674 3691 1806 3746 sonans,

342 3771 567 3850 *δορίπονα
593 3769 674 3837 κακά
697 3767 765 3856 Spi.
788 3770 852 3836 608
874 3790 917 3846 n,
948 3769 1022 3834 Eur.
1044 3767 1067 3833 l.
1089 3768 1129 3833 Α.
1149 3772 1229 3848 771,
1256 3776 1282 3836 δ.
1305 3771 1395 3838 πόλιν
1414 3792 1443 3838 v.
1467 3773 1531 3837 135
1553 3792 1579 3839 c.
1603 3777 1698 3842 ltasia
1718 3777 1808 3842 labo·

344 3888 442 3944 rant,
474 3870 793 3956 πολεμοφθόρος
818 3871 876 3951 ἄτη
907 3869 941 3937 Ρ.
962 3869 1027 3936 656
1051 3889 1078 3937 c.
1108 3873 1183 3938 bello
1203 3876 1355 3955 perdens,
1392 3875 1642 3956 *νυκτίφοιτ’
1664 3876 1810 3960 ὀνείρατα

343 3970 394 4038 Pr.
419 3975 485 4039 658
506 3972 619 4059 Synes.
644 3974 745 4058 hymn.
773 3974 809 4050 3,
829 3972 851 4036 2
880 3993 910 4058 p.
930 3972 996 4038 316
1017 3985 1113 4040 noctu
1136 3978 1339 4057 pressantis,
1370 3975 1621 4054 θηλυκτόνας
1636 3977 1734 4061 ”App
1755 3975 1809 4042 Pn.

345 4075 411 4141 883
432 4079 577 4142 muliebri
595 4095 695 4142 mann
717 4095 844 4142 necans.
888 4073 979 4142 nudo
1002 4074 1251 4157 τοξόδαμνον
1266 4073 1346 4158 ”App
1368 4074 1402 4144 P.
1423 4079 1468 4142 87
1489 4097 1533 4156 e..
1558 4081 1687 4164 eiusque
1712 4097 1808 4164 synn-

347 4195 470 4261 nynum
500 4177 726 4261 τοξοδάμας
755 4197 784 4244 v.
803 4177 847 4241 27
877 4185 908 4243 et
931 4177 974 4242 31
1005 4196 1055 4244 an.
1100 4175 1270 4260 Significat
1295 4187 1456 4266 utrumque
1479 4198 1542 4248 non
1568 4183 1749 4264 areipetens
1779 4190 1811 4248 ut
