3998 4950
1646 312 1690 378 21

136 499 139 504 ’
225 498 478 564 terminationem
507 495 626 562 habent
653 497 738 564 haud
761 515 833 563 raro
855 495 939 562 hane
960 497 1063 583 ipsam
1085 482 1137 562 ἶοῖ
1167 507 1373 583 acceperunt,
1402 497 1497 566 veluti
1519 499 1693 587 composita

224 620 294 668 cunt
318 599 416 682 φρήν,
445 619 526 685 quae
550 607 674 664 constat
705 601 738 665 in
764 599 902 685 synthesi
924 599 1175 666 terminationem
1203 600 1236 663 in
1261 601 1417 685 prarothesi
1441 599 1691 668 declinationem

224 712 362 776 mutare,
391 701 659 784 παλαιόφρων
687 699 774 768 Εαω.
795 702 861 767 825
885 721 911 767 c.
934 700 1010 787 Sup.
1032 702 1099 766 577
1120 719 1147 767 c.
1174 711 1331 766 catastam
1352 707 1541 786 sapientiam
1563 703 1691 777 habens,
1748 713 1751 722 ’

221 802 508 892 περισσόφρων
537 801 589 866 Ρτ.
615 803 682 868 330
716 815 851 870 mentem
882 806 952 869 sive
986 807 1177 886 sapientiam
1204 805 1321 868 habens
1351 807 1439 870 altra
1466 811 1691 872 necessitatem,

222 905 476 993 *δολιόφρων
496 903 611 987 Ἑρμᾶς
635 901 712 971 Clio.
735 905 801 970 935
822 926 867 982 ο.,
897 905 971 971 Eur.
992 901 1014 971 l.
1039 907 1077 988 A
1102 906 1185 970 1301
1217 904 1349 990 (Ἑρμᾶς
1368 903 1405 969 Η.
1429 905 1466 975 L.
1490 907 1617 974 Ahrens
1637 925 1690 974 re-

221 1011 324 1096 posuit
346 1026 404 1094 pro
432 1006 528 1074 ποινό
555 1006 640 1093 quod
666 1027 683 1073 θ
705 1028 734 1073 v.
756 1008 822 1073 924
843 1010 1045 1094 irrepserat),
1075 1004 1354 1093 κελαινόφρων
1381 1007 1482 1092 μήτηρ
1507 1009 1594 1099 Εαηλ,
1616 1011 1690 1086 dol,

219 1109 482 1198 γεραιόφρων
502 1108 576 1197 Sup.
596 1107 662 1176 346
686 1129 729 1190 0.,
758 1110 1068 1194 βλοσυρόφρονι
1090 1113 1183 1195 χλιδᾷ
1205 1107 1281 1195 Sup.
1303 1108 1370 1173 802
1393 1128 1418 1175 c.
1446 1114 1595 1193 snperbia
1615 1116 1689 1177 lour-

222 1218 340 1282 rendae
362 1217 490 1287 mentis,
521 1231 624 1299 neque
648 1211 757 1278 dubito
779 1210 965 1296 Aeschyleis
986 1211 1106 1276 addere
1130 1209 1360 1296 ὁοιόφρονζόι
1381 1209 1484 1293 λόεον,
1507 1213 1690 1302 φαοδδαμ.

221 1317 287 1380 797
309 1335 336 1382 o.
360 1315 532 1381 Hermanni
554 1313 777 1400 insuperabilis
798 1315 960 1398 sagacitas
980 1312 1107 1377 tandem
1128 1314 1240 1378 retexit
1264 1331 1282 1377 e
1303 1310 1447 1378 ductibus
1468 1312 1524 1399 ι’όφ
1545 1315 1586 1398 dp
1609 1313 1689 1382 αόδι

223 1443 250 1482 ν.
271 1443 296 1482 τ.
320 1425 346 1483 λ.
390 1415 463 1496 Qua
483 1419 517 1483 in
540 1437 576 1482 re
597 1437 636 1483 ne
661 1418 730 1500 quis
755 1419 944 1481 solationem
965 1427 1096 1480 sanctae
1116 1417 1227 1478 mentis
1259 1412 1324 1496 (vel
1344 1419 1517 1481 voluntatis
1538 1418 1589 1484 vcl
1613 1437 1689 1482 cort-

223 1521 296 1597 silon
321 1520 497 1583 contortius
521 1517 584 1584 dici
608 1527 751 1594 certesei,
775 1518 947 1594 admoneo,
975 1516 1053 1582 nihil
1076 1516 1142 1582 lere
1165 1515 1207 1581 ab
1230 1515 1389 1601 Aeschylo
1413 1517 1567 1584 audacius
1589 1518 1691 1584 lictum

224 1639 294 1686 esse
320 1622 502 1707 compositis
525 1640 593 1686 cunr
617 1619 720 1705 φρήν,
739 1621 828 1686 -velut
853 1618 1027 1705 οἰόφρων
1051 1622 1151 1703 πέτρα
1170 1618 1247 1704 Sup.
1266 1617 1333 1682 704
1348 1638 1375 1682 c.
1392 1639 1491 1702 rupes
1510 1622 1692 1686 solitariam

223 1743 320 1806 opens
352 1725 606 1797 meditationem,
644 1745 705 1810 quo
734 1723 813 1790 nihil
843 1733 893 1788 est
924 1723 1107 1797 sublimius,
1140 1721 1216 1804 γόος
1244 1719 1454 1804 δαϊόφρων
1486 1721 1551 1811 Spt.
1574 1724 1640 1789 893
1663 1742 1690 1788 ο.

223 1830 427 1910 capitationes
461 1829 586 1891 hostiles
615 1828 760 1900 ooloens,
804 1832 839 1892 δι
846 1825 1006 1908 χόφρων
1033 1821 1154 1906 πότμος
1182 1821 1247 1909 Spt.
1274 1822 1339 1887 878
1369 1842 1394 1888 c.
1423 1843 1494 1888 sors
1524 1828 1572 1890 cel
1603 1845 1689 1890 mors

225 1933 397 1995 adversam
415 1921 612 1994 volantatem
633 1929 750 1992 hahens
776 1927 853 1994 h.·e.
876 1925 996 2010 πότμος
1018 1932 1080 1992 τόν
1103 1926 1299 2009 διχοφρόνων
1320 1921 1456 2001 ἀδελφῶν
1480 1933 1512 2007 (α
1534 1933 1607 2012 δι’χα
1633 1927 1691 1992 ad·

221 2032 358 2111 verbio).
409 2026 556 2095 Proiecto
585 2049 650 2096 non
679 2031 788 2094 mirum
816 2027 897 2096 talia
922 2025 1176 2124 luisse-dynato
1196 2040 1263 2104 τοῖς
1285 2031 1456 2109 θεωμένοις
1484 2023 1692 2112 όξυμβαλεϊν
1797 2068 1800 2078 ε

224 2131 261 2200 ον’
281 2130 389 2218 ῥᾴδιον
411 2127 457 2208 ἦν.
504 2129 621 2196 Cetera
641 2116 741 2196 inae
767 2151 786 2196 a
809 2134 929 2198 neutris
958 2134 989 2196 in
1019 2158 1063 2212 μα
1091 2131 1234 2203 veniunt,
1264 2135 1531 2210 ποικιλείμων
1559 2130 1613 2206 νόξ
1638 2128 1688 2194 Pr.

222 2233 283 2311 24,
314 2231 657 2315 *μεγαλοσχήμων
685 2231 759 2314 τιμά
779 2230 830 2295 Pr.
854 2231 920 2297 468
942 2250 969 2298 c.
997 2229 1141 2316 Theoplt.
1168 2227 1202 2293 C.
1224 2227 1270 2294 Pl.
1292 2232 1328 2307 2,
1359 2231 1688 2316 μαλακογνώμων

222 2333 301 2409 Ζεός
333 2323 387 2396 rr:
414 2334 477 2400 100
508 2353 535 2400 ο.
566 2337 765 2418 (αγνόμα),
797 2339 968 2414 δμωΐδες
995 2325 1393 2418 ναιοοπόμονεξδρλ.
1421 2331 1487 2397 att
1516 2353 1541 2398 c.
1568 2353 1687 2398 novam
1763 2359 1779 2370 ·

222 2439 435 2521 infortunium
452 2454 588 2518 passae,
610 2435 890 2519 πρωτοπήμων
910 2433 1081 2520 παρακοπά
1101 2433 1162 2516 Ag.
1180 2434 1245 2500 210
1262 2452 1288 2500 c.
1306 2440 1447 2518 primam
1460 2429 1589 2502 'madum
1611 2456 1687 2500 cott-

223 2543 324 2606 tineas
347 2536 402 2621 (cf.
426 2540 519 2603 etlam
538 2535 625 2602 iufra
648 2536 864 2620 αὐτοπήμων),
886 2537 979 2621 ὅρους
1002 2543 1178 2612 θεσπεσίας
1198 2535 1272 2602 ὀδοῦ
1295 2563 1473 2623 κακορρή
1481 2537 1530 2621 μό
1536 2563 1605 2612 νας
1627 2538 1689 2621 Ag.

223 2639 311 2708 1114
339 2659 365 2706 c.
388 2641 547 2714 iterrainos
578 2639 728 2719 infaustis
758 2641 885 2704 naahas
911 2640 1094 2721 praeditos,
1132 2643 1377 2718 πολυαίμων.
1404 2638 1548 2706 deonanti
1577 2638 1690 2723 κρατός

223 2742 299 2830 Snp.
321 2742 386 2808 808
416 2759 442 2806 ο.
493 2738 520 2804 Α
550 2735 729 2806 nominibus
757 2742 791 2806 in
814 2727 859 2826 ἠρ
888 2741 1062 2826 composita
1085 2741 1198 2826 partim
1220 2739 1254 2804 in
1280 2726 1333 2827 ω’ρῖ
1350 2743 1554 2808 terminantur
1575 2745 1690 2829 partim

224 2843 266 2910 ad
295 2838 467 2907 secundem
497 2849 660 2906 transeunt
690 2839 834 2923 (Lobeck
866 2843 964 2929 paral.
986 2865 1018 2930 p.
1037 2842 1135 2923 212):
1163 2841 1441 2924 νοιλογόοτωρ
1470 2844 1579 2922 πόνλος
1609 2845 1688 2930 (cly-

222 2949 312 3032 peus)
337 2942 404 3030 Spt.
425 2940 507 3019 478,
537 2940 624 3008 λόνοι
646 2962 675 3010 u.
700 2945 795 3011 1019.
842 2944 906 3012 Sed
927 2948 1175 3028 διδυμάνορα
1197 2943 1276 3008 νανό
1297 2942 1364 3032 Spt.
1386 2946 1450 3011 829
1474 2966 1517 3020 a,
1548 2949 1689 3032 quamvis

223 3049 326 3116 forma
346 3045 595 3132 reprehensione
620 3056 743 3124 careat,
768 3058 956 3114 tenentem
978 3044 1158 3134 impeditum
1186 3056 1232 3111 est
1253 3048 1404 3123 vertenti,
1427 3055 1458 3110 ut
1479 3051 1566 3115 metri
1590 3068 1690 3114 nausa

224 3148 457 3234 corrigentibus
490 3169 554 3215 non
584 3148 799 3233 reiragemnr,
831 3152 956 3215 etiamsi
986 3148 1104 3214 nullam
1137 3147 1238 3214 adhuc
1266 3150 1476 3218 coniecturam
1510 3152 1687 3239 probemus.

224 3252 419 3320 Terminatio
451 3236 487 3330 ο“ς
514 3250 668 3318 neutralis
701 3251 836 3336 denque
863 3253 895 3318 in
925 3252 1151 3339 compositione
1175 3249 1258 3315 haud
1280 3252 1383 3316 rarius
1405 3253 1437 3316 in
1463 3239 1498 3329 ος
1528 3255 1688 3321 secundae

223 3373 315 3442 quant
336 3356 369 3420 in
395 3340 564 3434 η’ςλετῑίοε
588 3353 777 3420 deflectitur:
800 3362 1021 3430 πολυεπεῖς
1042 3357 1150 3436 τέχναι
1169 3366 1273 3419 vatum
1296 3353 1357 3435 Ag.
1385 3355 1469 3419 1093
1491 3375 1534 3434 c.‚
1568 3356 1690 3422 ἑπτα-

221 3469 369 3542 τειχεῖς
391 3459 494 3534 ἔξοδοι
513 3455 581 3541 Spt.
603 3456 684 3531 267,
710 3453 793 3540 quod
816 3455 857 3522 ob
882 3455 1126 3522 audacissimam
1148 3451 1343 3540 hypallagen
1366 3457 1492 3540 insigne
1515 3468 1570 3524 est.
1613 3458 1690 3524 Am-

223 3557 321 3644 bigua
345 3570 416 3626 sunt
445 3557 720 3644 όνροπενδελς
746 3565 898 3641 Περσίδες
919 3557 1005 3624 Pers.
1032 3556 1096 3623 134
1116 3575 1143 3621 c.
1168 3575 1324 3622 tammam
1345 3561 1506 3624 miseriam
1532 3562 1689 3636 habentes,

224 3670 255 3727 et
274 3661 364 3747 κόραι
384 3660 507 3738 Νυκτός
535 3659 831 3744 ἀτιμοπενθεῖς
853 3659 938 3728 Εαω.
961 3662 1026 3726 702
1047 3670 1126 3726 etv.
1148 3658 1213 3724 809
1237 3677 1281 3734 c.‚
1308 3661 1381 3743 qnia
1403 3669 1472 3725 eta
1494 3662 1593 3728 verbo
1615 3684 1689 3750 pos-

224 3773 296 3832 sunt
318 3773 349 3830 ολ
371 3785 391 3830 a
412 3765 608 3832 substantivo
630 3760 755 3830 verbali
775 3761 906 3841 deduci3
938 3784 1042 3849 neque
1065 3762 1214 3828 aliter·se
1236 3779 1288 3825 res
1311 3759 1407 3827 habet
1431 3765 1464 3829 in
1496 3765 1687 3845 μελεόπο-

223 3892 292 3946 νος
320 3876 352 3936 et
378 3865 636 3950 μελεοπαθής
664 3864 729 3952 Spt.
748 3863 814 3932 935
833 3881 859 3930 c.
887 3865 1031 3951 epithetis
1056 3863 1119 3930 illis
1149 3862 1333 3928 threnetiois
1369 3864 1496 3930 fratrum
1518 3864 1689 3932 Thebano-

117 3985 122 3992 ·
223 3987 308 4045 rum,
338 3987 421 4055 quae
450 3968 587 4036 fortasse
618 3969 736 4035 rectius
765 3971 881 4034 misera
911 3985 1007 4051 opens
1044 3964 1115 4048 (sed
1147 3975 1208 4030 tum
1240 3962 1442 4030 scribendum
1472 3967 1689 4054 μελεοπόνος),

222 4073 339 4138 misera
358 4091 474 4156 passas
496 4080 602 4140 vertas
624 4087 718 4156 quam
737 4074 887 4138 emiseram
909 4071 1065 4143 lahorem,
1089 4072 1239 4134 maenam
1259 4077 1377 4135 sortem
1399 4071 1524 4134 habens.
